2021-12-01 02:16:43.72261 +0000 UTC,25338451,sell,0.010000000,6544.00000000,65.44
2021-12-01 02:17:05.795577 +0000 UTC,25338453,buy,0.010000000,6543.00000000,65.43
2021-12-01 02:17:14.680833 +0000 UTC,25338455,buy,0.040000000,6566.00000000,262.64
2021-12-01 02:17:34.12805 +0000 UTC,25338456,sell,0.002207031,6544.00000000,14.44
2021-12-01 02:17:34.545749 +0000 UTC,25338459,buy,0.257792969,6543.00000000,1686.73
2021-12-01 02:17:34.552262 +0000 UTC,25338460,buy,0.170000000,6562.00000000,1115.54
2021-12-01 02:18:21.538132 +0000 UTC,25338462,sell,1.030000000,6547.00000000,6743.41
2021-12-01 02:18:50.284275 +0000 UTC,25338463,sell,0.040000000,6540.00000000,261.60
2021-12-01 02:18:53.065447 +0000 UTC,25338464,buy,0.200000000,6534.00000000,1306.80
2021-12-01 02:19:14.026232 +0000 UTC,25338472,buy,0.030000000,6534.00000000,196.02
2021-12-01 02:19:50.198171 +0000 UTC,25338473,buy,0.040000000,6534.00000000,261.36
2021-12-01 02:19:50.198469 +0000 UTC,25338474,buy,0.050000000,6542.00000000,327.10
2021-12-01 02:19:50.198757 +0000 UTC,25338475,buy,0.030000000,6542.00000000,196.26
2021-12-01 02:21:51.975708 +0000 UTC,25338476,sell,0.010000000,6544.00000000,65.44
2021-12-01 02:22:14.012814 +0000 UTC,25338483,buy,0.010000000,6543.00000000,65.43
2021-12-01 02:23:23.720267 +0000 UTC,25338486,sell,0.010000000,6531.00000000,65.31
2021-12-01 02:23:25.997697 +0000 UTC,25338489,buy,0.030000000,6534.00000000,196.02
2021-12-01 02:24:40.112226 +0000 UTC,25338493,buy,0.010000000,6534.00000000,65.34
2021-12-01 02:24:40.116775 +0000 UTC,25338494,buy,0.700000000,6553.00000000,4587.10
2021-12-01 02:24:40.123245 +0000 UTC,25338495,buy,0.570000000,6554.00000000,3735.78
2021-12-01 02:25:16.901677 +0000 UTC,25338503,sell,0.010000000,6529.00000000,65.29
2021-12-01 02:25:16.902004 +0000 UTC,25338504,sell,0.080000000,6527.00000000,522.16
2021-12-01 02:25:17.154788 +0000 UTC,25338509,buy,0.020000000,6526.00000000,130.52
2021-12-01 02:25:17.206807 +0000 UTC,25338515,buy,0.122100122,6526.00000000,796.83
2021-12-01 02:25:17.255438 +0000 UTC,25338517,buy,3.000000000,6526.00000000,19578.00
2021-12-01 02:25:21.483503 +0000 UTC,25338518,buy,1.767899878,6526.00000000,11537.31
2021-12-01 02:25:21.488468 +0000 UTC,25338519,buy,0.480000000,6551.00000000,3144.48
2021-12-01 02:25:21.495311 +0000 UTC,25338520,buy,0.750000000,6552.00000000,4914.00
2021-12-01 02:26:25.738473 +0000 UTC,25338522,sell,0.010000000,6525.00000000,65.25
2021-12-01 02:27:22.567596 +0000 UTC,25338576,sell,0.020000000,6526.00000000,130.52
2021-12-01 02:30:58.985973 +0000 UTC,25338763,buy,0.150000000,6562.00000000,984.30
2021-12-01 02:31:02.903436 +0000 UTC,25338765,buy,0.010000000,6540.00000000,65.40
2021-12-01 02:32:36.187191 +0000 UTC,25338866,buy,0.070000000,6565.00000000,459.55
2021-12-01 02:37:05.714657 +0000 UTC,25338972,sell,0.015442587,6556.00000000,101.24
2021-12-01 02:37:05.71545 +0000 UTC,25338975,sell,0.020000000,6551.00000000,131.02
2021-12-01 02:37:05.715744 +0000 UTC,25338976,sell,4.970000000,6544.00000000,32523.68
2021-12-01 02:37:05.71603 +0000 UTC,25338977,sell,0.450000000,6543.00000000,2944.35
2021-12-01 02:37:06.436801 +0000 UTC,25338978,buy,3.000000000,6541.00000000,19623.00
2021-12-01 02:37:07.039058 +0000 UTC,25338979,buy,3.000000000,6541.00000000,19623.00
2021-12-01 02:37:08.040133 +0000 UTC,25338980,buy,3.000000000,6541.00000000,19623.00
2021-12-01 02:37:08.055545 +0000 UTC,25338981,buy,0.020000000,6541.00000000,130.82
2021-12-01 02:37:09.049997 +0000 UTC,25338982,buy,3.000000000,6541.00000000,19623.00
2021-12-01 02:37:09.506196 +0000 UTC,25338983,buy,0.270000000,6541.00000000,1766.07
2021-12-01 02:37:21.963939 +0000 UTC,25338985,buy,0.004557413,6541.00000000,29.81
2021-12-01 02:39:42.767158 +0000 UTC,25338999,buy,1.460000000,6553.00000000,9567.38
2021-12-01 02:39:42.772015 +0000 UTC,25339000,buy,0.010000000,6568.00000000,65.68
2021-12-01 02:39:42.777635 +0000 UTC,25339001,buy,0.010000000,6569.00000000,65.69
2021-12-01 02:39:42.777978 +0000 UTC,25339002,buy,0.340000000,6569.00000000,2233.46
2021-12-01 02:40:32.175308 +0000 UTC,25339006,sell,0.030000000,6542.00000000,196.26
2021-12-01 02:43:51.758768 +0000 UTC,25339017,buy,1.520000000,6603.00000000,10036.56
2021-12-01 02:43:51.764116 +0000 UTC,25339020,buy,0.400000000,6605.00000000,2642.00
2021-12-01 02:44:23.395653 +0000 UTC,25339025,buy,1.080000000,6597.00000000,7124.76
2021-12-01 02:44:23.402619 +0000 UTC,25339028,buy,1.000000000,6600.00000000,6600.00
2021-12-01 02:44:40.318617 +0000 UTC,25339031,buy,0.040000000,6600.00000000,264.00
2021-12-01 02:45:15.953822 +0000 UTC,25339058,buy,0.019198723,6577.00000000,126.27
2021-12-01 02:45:15.963526 +0000 UTC,25339061,buy,0.024345709,6577.00000000,160.12
2021-12-01 02:45:20.015765 +0000 UTC,25339063,buy,0.110000000,6577.00000000,723.47
2021-12-01 02:45:36.471156 +0000 UTC,25339068,buy,0.180000000,6577.00000000,1183.86
2021-12-01 02:46:00.460146 +0000 UTC,25339073,buy,0.279819107,6577.00000000,1840.37
2021-12-01 02:46:00.687861 +0000 UTC,25339079,buy,0.033917467,6577.00000000,223.08
2021-12-01 02:46:09.469236 +0000 UTC,25339081,buy,2.840000000,6577.00000000,18678.68
2021-12-01 02:46:10.662645 +0000 UTC,25339083,buy,0.412718994,6577.00000000,2714.45
2021-12-01 02:46:16.908067 +0000 UTC,25339086,sell,0.150000000,6591.00000000,988.65
2021-12-01 02:46:36.69518 +0000 UTC,25339091,sell,0.070000000,6607.00000000,462.49
2021-12-01 02:47:11.487721 +0000 UTC,25339098,sell,0.010000000,6586.00000000,65.86
2021-12-01 02:47:17.622486 +0000 UTC,25339101,buy,0.020000000,6592.00000000,131.84
2021-12-01 02:48:18.830457 +0000 UTC,25339113,buy,0.002824636,6592.00000000,18.62
2021-12-01 02:48:23.474944 +0000 UTC,25339116,buy,0.072744908,6592.00000000,479.53
2021-12-01 02:48:24.711384 +0000 UTC,25339122,buy,0.004430456,6592.00000000,29.21
2021-12-01 02:50:17.47851 +0000 UTC,25339160,buy,0.010000000,6615.00000000,66.15
2021-12-01 02:51:13.976944 +0000 UTC,25339165,sell,0.200000000,6614.00000000,1322.80
2021-12-01 02:51:18.437519 +0000 UTC,25339175,buy,0.010000000,6619.00000000,66.19
2021-12-01 02:52:18.409838 +0000 UTC,25339181,sell,0.090000000,6614.00000000,595.26
2021-12-01 02:52:20.445371 +0000 UTC,25339188,buy,0.060000000,6614.00000000,396.84
2021-12-01 02:52:21.813067 +0000 UTC,25339192,buy,0.100000000,6625.00000000,662.50
2021-12-01 02:52:21.81746 +0000 UTC,25339194,sell,0.170000000,6627.00000000,1126.59
2021-12-01 02:53:22.023359 +0000 UTC,25339205,sell,0.070000000,6627.00000000,463.89
2021-12-01 02:53:26.914418 +0000 UTC,25339216,buy,0.010000000,6626.00000000,66.26
2021-12-01 02:56:39.996527 +0000 UTC,25339236,sell,0.010000000,6611.00000000,66.11
2021-12-01 02:58:29.859297 +0000 UTC,25339307,buy,0.750000000,6638.00000000,4978.50
2021-12-01 03:01:15.297341 +0000 UTC,25339345,sell,0.100000000,6638.00000000,663.80
2021-12-01 03:02:12.818376 +0000 UTC,25339353,sell,0.140000000,6615.00000000,926.10
2021-12-01 03:02:29.840258 +0000 UTC,25339355,sell,0.300000000,6612.00000000,1983.60
2021-12-01 03:06:53.765572 +0000 UTC,25339384,buy,0.002800121,6639.00000000,18.59
2021-12-01 03:06:55.978757 +0000 UTC,25339386,sell,0.190000000,6634.00000000,1260.46
2021-12-01 03:07:01.997503 +0000 UTC,25339387,buy,0.020000000,6639.00000000,132.78
2021-12-01 03:07:14.131254 +0000 UTC,25339389,buy,0.004225650,6639.00000000,28.05
2021-12-01 03:07:15.116824 +0000 UTC,25339391,buy,0.032974229,6639.00000000,218.91
2021-12-01 03:09:08.727316 +0000 UTC,25339396,buy,0.050000000,6656.00000000,332.80
2021-12-01 03:09:08.945648 +0000 UTC,25339397,sell,0.100000000,6658.00000000,665.80
2021-12-01 03:09:11.157468 +0000 UTC,25339398,sell,0.100000000,6658.00000000,665.80
2021-12-01 03:09:13.98902 +0000 UTC,25339399,sell,0.050000000,6658.00000000,332.90
2021-12-01 03:09:26.045139 +0000 UTC,25339401,buy,0.100000000,6670.00000000,667.00
2021-12-01 03:09:47.648873 +0000 UTC,25339405,sell,0.060000000,6658.00000000,399.48
2021-12-01 03:10:16.90622 +0000 UTC,25339413,buy,0.030000000,6661.00000000,199.83
2021-12-01 03:10:58.966375 +0000 UTC,25339418,sell,0.030000000,6651.00000000,199.53
2021-12-01 03:11:52.458332 +0000 UTC,25339428,sell,0.010000000,6636.00000000,66.36
2021-12-01 03:11:52.458699 +0000 UTC,25339429,sell,0.021988634,6632.00000000,145.83
2021-12-01 03:11:52.459481 +0000 UTC,25339432,sell,0.010000000,6630.00000000,66.30
2021-12-01 03:11:52.459769 +0000 UTC,25339433,sell,0.010000000,6629.00000000,66.29
2021-12-01 03:12:01.736081 +0000 UTC,25339443,buy,0.090985595,6627.00000000,602.96
2021-12-01 03:18:41.03756 +0000 UTC,25339536,buy,0.010000000,6635.00000000,66.35
2021-12-01 03:18:41.037917 +0000 UTC,25339537,buy,1.480000000,6635.00000000,9819.80
2021-12-01 03:18:41.0382 +0000 UTC,25339538,buy,0.110000000,6636.00000000,729.96
2021-12-01 03:18:41.038511 +0000 UTC,25339539,buy,0.010000000,6639.00000000,66.39
2021-12-01 03:18:41.038804 +0000 UTC,25339540,buy,1.200000000,6649.00000000,7978.80
2021-12-01 03:18:41.0391 +0000 UTC,25339541,buy,1.510000000,6650.00000000,10041.50
2021-12-01 03:18:41.214831 +0000 UTC,25339542,sell,5.000000000,6651.00000000,33255.00
2021-12-01 03:18:41.401212 +0000 UTC,25339543,sell,2.840000000,6651.00000000,18888.84
2021-12-01 03:18:43.487595 +0000 UTC,25339545,sell,2.870000000,6651.00000000,19088.37
2021-12-01 03:21:00.888734 +0000 UTC,25339617,sell,0.040000000,6639.00000000,265.56
2021-12-01 03:21:01.663653 +0000 UTC,25339618,sell,0.040000000,6638.00000000,265.52
2021-12-01 03:22:09.275375 +0000 UTC,25339667,sell,0.010000000,6626.00000000,66.26
2021-12-01 03:23:04.776457 +0000 UTC,25339681,buy,0.480000000,6648.00000000,3191.04
2021-12-01 03:23:04.776784 +0000 UTC,25339682,buy,0.930000000,6649.00000000,6183.57
2021-12-01 03:23:04.777079 +0000 UTC,25339683,buy,0.020000000,6651.00000000,133.02
2021-12-01 03:23:04.777365 +0000 UTC,25339684,buy,1.570000000,6653.00000000,10445.21
2021-12-01 03:23:22.613757 +0000 UTC,25339688,sell,0.020000000,6626.00000000,132.52
2021-12-01 03:23:22.614077 +0000 UTC,25339689,sell,1.050000000,6625.00000000,6956.25
2021-12-01 03:23:22.614366 +0000 UTC,25339690,sell,0.560000000,6616.00000000,3704.96
2021-12-01 03:23:22.614649 +0000 UTC,25339691,sell,2.230000000,6616.00000000,14753.68
2021-12-01 03:24:14.06405 +0000 UTC,25339696,buy,0.010000000,6620.00000000,66.20
2021-12-01 03:25:09.968036 +0000 UTC,25339699,sell,0.020000000,6615.00000000,132.30
2021-12-01 03:27:32.436087 +0000 UTC,25339724,buy,0.010000000,6615.00000000,66.15
2021-12-01 03:28:34.963978 +0000 UTC,25339765,buy,0.010000000,6617.00000000,66.17
2021-12-01 03:29:21.539388 +0000 UTC,25339775,sell,0.020000000,6614.00000000,132.28
2021-12-01 03:29:21.539733 +0000 UTC,25339776,sell,0.010000000,6614.00000000,66.14
2021-12-01 03:30:59.740339 +0000 UTC,25339934,sell,0.010000000,6612.00000000,66.12
2021-12-01 03:30:59.74067 +0000 UTC,25339935,sell,0.010000000,6611.00000000,66.11
2021-12-01 03:30:59.740981 +0000 UTC,25339936,sell,0.010000000,6609.00000000,66.09
2021-12-01 03:30:59.741291 +0000 UTC,25339937,sell,0.010000000,6608.00000000,66.08
2021-12-01 03:32:00.303136 +0000 UTC,25339947,sell,0.010000000,6606.00000000,66.06
2021-12-01 03:32:00.303495 +0000 UTC,25339948,sell,0.030000000,6606.00000000,198.18
2021-12-01 03:32:32.048086 +0000 UTC,25339974,buy,0.050000000,6607.00000000,330.35
2021-12-01 03:32:53.663958 +0000 UTC,25339988,buy,0.020000000,6607.00000000,132.14
2021-12-01 03:33:44.01884 +0000 UTC,25340059,sell,0.010000000,6606.00000000,66.06
2021-12-01 03:35:18.045093 +0000 UTC,25340251,sell,0.060000000,6605.00000000,396.30
2021-12-01 03:35:18.045441 +0000 UTC,25340252,sell,0.560000000,6605.00000000,3698.80
2021-12-01 03:35:20.217253 +0000 UTC,25340256,sell,0.470000000,6604.00000000,3103.88
2021-12-01 03:35:31.715184 +0000 UTC,25340279,sell,0.030000000,6603.00000000,198.09
2021-12-01 03:35:31.71551 +0000 UTC,25340280,sell,0.010000000,6602.00000000,66.02
2021-12-01 03:35:31.715818 +0000 UTC,25340281,sell,0.060000000,6602.00000000,396.12
2021-12-01 03:35:33.853093 +0000 UTC,25340285,sell,0.410000000,6602.00000000,2706.82
2021-12-01 03:35:35.961665 +0000 UTC,25340294,sell,0.010000000,6601.00000000,66.01
2021-12-01 03:35:35.961995 +0000 UTC,25340295,sell,0.090000000,6600.00000000,594.00
2021-12-01 03:35:38.205719 +0000 UTC,25340344,sell,0.440000000,6600.00000000,2904.00
2021-12-01 03:37:39.22731 +0000 UTC,25340577,buy,0.010000000,6615.00000000,66.15
2021-12-01 03:37:39.391784 +0000 UTC,25340579,sell,0.010000000,6622.00000000,66.22
2021-12-01 03:37:39.464747 +0000 UTC,25340590,sell,0.590000000,6622.00000000,3906.98
2021-12-01 03:37:39.465034 +0000 UTC,25340591,sell,0.010000000,6598.00000000,65.98
2021-12-01 03:38:19.270118 +0000 UTC,25340709,buy,0.240000000,6627.00000000,1590.48
2021-12-01 03:38:19.270958 +0000 UTC,25340712,buy,0.270000000,6632.00000000,1790.64
2021-12-01 03:38:19.454761 +0000 UTC,25340715,buy,0.880000000,6636.00000000,5839.68
2021-12-01 03:38:19.573498 +0000 UTC,25340720,sell,0.890000000,6632.00000000,5902.48
2021-12-01 03:38:19.690753 +0000 UTC,25340724,buy,0.060190201,6637.00000000,399.48
2021-12-01 03:38:21.935757 +0000 UTC,25340738,sell,0.750000000,6632.00000000,4974.00
2021-12-01 03:40:43.996969 +0000 UTC,25341040,buy,0.140000000,6626.00000000,927.64
2021-12-01 03:40:49.97705 +0000 UTC,25341047,buy,0.060000000,6630.00000000,397.80
2021-12-01 03:40:55.989291 +0000 UTC,25341048,buy,0.010000000,6632.00000000,66.32
2021-12-01 03:42:07.978101 +0000 UTC,25341148,buy,0.020000000,6632.00000000,132.64
2021-12-01 03:43:45.469924 +0000 UTC,25341181,sell,0.010000000,6625.00000000,66.25
2021-12-01 03:44:02.768363 +0000 UTC,25341184,buy,0.060000000,6623.00000000,397.38
2021-12-01 03:44:02.768703 +0000 UTC,25341185,buy,0.120000000,6629.00000000,795.48
2021-12-01 03:44:43.585319 +0000 UTC,25341190,sell,0.090000000,6622.00000000,595.98
2021-12-01 03:44:43.585641 +0000 UTC,25341191,sell,0.010000000,6619.00000000,66.19
2021-12-01 03:45:05.829102 +0000 UTC,25341196,sell,0.040000000,6618.00000000,264.72
2021-12-01 03:45:05.829422 +0000 UTC,25341197,sell,0.030000000,6611.00000000,198.33
2021-12-01 03:45:05.968632 +0000 UTC,25341202,buy,0.100000000,6611.00000000,661.10
2021-12-01 03:45:33.479396 +0000 UTC,25341207,sell,0.010000000,6610.00000000,66.10
2021-12-01 03:46:19.671539 +0000 UTC,25341229,sell,0.100000000,6610.00000000,661.00
2021-12-01 03:47:28.535164 +0000 UTC,25341231,sell,0.020000000,6604.00000000,132.08
2021-12-01 03:47:28.535494 +0000 UTC,25341232,sell,0.010000000,6603.00000000,66.03
2021-12-01 03:48:44.095124 +0000 UTC,25341343,buy,0.070000000,6603.00000000,462.21
2021-12-01 03:51:22.591452 +0000 UTC,25341466,buy,0.050000000,6608.00000000,330.40
2021-12-01 03:55:57.389503 +0000 UTC,25341726,sell,0.450000000,6614.00000000,2976.30
2021-12-01 03:56:31.495198 +0000 UTC,25341745,buy,0.009290898,6614.00000000,61.45
2021-12-01 03:56:31.534152 +0000 UTC,25341748,buy,0.011242271,6614.00000000,74.36
2021-12-01 03:56:38.820794 +0000 UTC,25341757,buy,0.019673974,6614.00000000,130.12
2021-12-01 03:57:00.36209 +0000 UTC,25341792,buy,0.002809193,6614.00000000,18.58
2021-12-01 03:57:00.485973 +0000 UTC,25341798,buy,0.002808989,6614.00000000,18.58
2021-12-01 03:57:01.350198 +0000 UTC,25341800,buy,1.200000000,6614.00000000,7936.80
2021-12-01 03:57:02.193692 +0000 UTC,25341801,buy,0.540000000,6614.00000000,3571.56
2021-12-01 03:57:04.560459 +0000 UTC,25341803,buy,0.004174675,6614.00000000,27.61
2021-12-01 03:57:08.748303 +0000 UTC,25341808,buy,0.020000000,6622.00000000,132.44
2021-12-01 03:57:08.750141 +0000 UTC,25341811,buy,0.008074116,6622.00000000,53.47
2021-12-01 03:57:32.876545 +0000 UTC,25341816,buy,0.111925884,6622.00000000,741.17
2021-12-01 03:58:29.736735 +0000 UTC,25341837,sell,0.030000000,6618.00000000,198.54
2021-12-01 03:59:09.550973 +0000 UTC,25341845,buy,0.020000000,6626.00000000,132.52
2021-12-01 03:59:23.736585 +0000 UTC,25341852,buy,0.080000000,6629.00000000,530.32
2021-12-01 04:01:50.717495 +0000 UTC,25341881,sell,0.040000000,6631.00000000,265.24
2021-12-01 04:03:07.847821 +0000 UTC,25341891,buy,0.856251881,6646.00000000,5690.65
2021-12-01 04:05:33.593704 +0000 UTC,25341924,buy,0.040000000,6613.00000000,264.52
2021-12-01 04:08:14.009256 +0000 UTC,25342019,sell,0.060000000,6625.00000000,397.50
2021-12-01 04:08:14.179153 +0000 UTC,25342023,buy,0.084541063,6637.00000000,561.10
2021-12-01 04:08:25.322224 +0000 UTC,25342039,sell,0.045458937,6626.00000000,301.21
2021-12-01 04:08:31.422386 +0000 UTC,25342042,sell,0.200000000,6622.00000000,1324.40
2021-12-01 04:08:34.196637 +0000 UTC,25342058,buy,0.124541063,6624.00000000,824.96
2021-12-01 04:08:40.643973 +0000 UTC,25342063,sell,0.340000000,6645.00000000,2259.30
2021-12-01 04:08:40.842966 +0000 UTC,25342064,sell,0.340000000,6623.00000000,2251.82
2021-12-01 04:08:50.935017 +0000 UTC,25342132,buy,0.048344211,6623.00000000,320.18
2021-12-01 04:09:07.817434 +0000 UTC,25342213,buy,0.021655789,6623.00000000,143.42
2021-12-01 04:09:07.822605 +0000 UTC,25342214,buy,0.280000000,6638.00000000,1858.64
2021-12-01 04:09:41.267035 +0000 UTC,25342216,buy,0.012086053,6638.00000000,80.23
2021-12-01 04:09:51.465526 +0000 UTC,25342218,sell,0.420000000,6634.00000000,2786.28
2021-12-01 04:10:04.890233 +0000 UTC,25342219,sell,0.030000000,6637.00000000,199.11
2021-12-01 04:13:11.201885 +0000 UTC,25342225,sell,0.160000000,6642.00000000,1062.72
2021-12-01 04:13:13.436037 +0000 UTC,25342226,sell,0.120000000,6642.00000000,797.04
2021-12-01 04:13:49.981868 +0000 UTC,25342231,buy,0.050000000,6630.00000000,331.50
2021-12-01 04:13:56.918381 +0000 UTC,25342232,sell,0.020000000,6626.00000000,132.52
2021-12-01 04:13:56.918748 +0000 UTC,25342233,sell,0.024172105,6625.00000000,160.14
2021-12-01 04:13:56.919566 +0000 UTC,25342236,sell,0.320856538,6625.00000000,2125.67
2021-12-01 04:16:38.007325 +0000 UTC,25342257,buy,0.109051254,6622.00000000,722.14
2021-12-01 04:17:05.941421 +0000 UTC,25342264,sell,0.020000000,6620.00000000,132.40
2021-12-01 04:18:27.898339 +0000 UTC,25342286,sell,0.020000000,6621.00000000,132.42
2021-12-01 04:18:27.932545 +0000 UTC,25342299,sell,0.010000000,6619.00000000,66.19
2021-12-01 04:18:27.944682 +0000 UTC,25342305,sell,0.020000000,6616.00000000,132.32
2021-12-01 04:18:27.956533 +0000 UTC,25342309,sell,0.030000000,6615.00000000,198.45
2021-12-01 04:18:27.966444 +0000 UTC,25342313,sell,0.020000000,6612.00000000,132.24
2021-12-01 04:20:14.817573 +0000 UTC,25342321,sell,0.680000000,6605.00000000,4491.40
2021-12-01 04:20:14.817918 +0000 UTC,25342322,sell,4.910000000,6605.00000000,32430.55
2021-12-01 04:20:14.818185 +0000 UTC,25342323,sell,0.010000000,6602.00000000,66.02
2021-12-01 04:20:14.81847 +0000 UTC,25342324,sell,0.010000000,6601.00000000,66.01
2021-12-01 04:20:14.964115 +0000 UTC,25342329,buy,0.050000000,6601.00000000,330.05
2021-12-01 04:20:14.966851 +0000 UTC,25342332,buy,0.045019696,6601.00000000,297.18
2021-12-01 04:25:10.68017 +0000 UTC,25342386,sell,0.048526022,6600.00000000,320.27
2021-12-01 04:25:13.996513 +0000 UTC,25342389,buy,0.010000000,6598.00000000,65.98
2021-12-01 04:26:39.042662 +0000 UTC,25342390,sell,0.030000000,6594.00000000,197.82
2021-12-01 04:26:39.04299 +0000 UTC,25342391,sell,0.020000000,6593.00000000,131.86
2021-12-01 04:26:43.744089 +0000 UTC,25342393,buy,0.028166237,6593.00000000,185.70
2021-12-01 04:26:43.981575 +0000 UTC,25342395,buy,0.010000000,6593.00000000,65.93
2021-12-01 04:29:11.573545 +0000 UTC,25342402,buy,0.012131506,6593.00000000,79.98
2021-12-01 04:30:03.964372 +0000 UTC,25342406,sell,0.010000000,6592.00000000,65.92
2021-12-01 04:32:21.933329 +0000 UTC,25342428,buy,0.021473978,6598.00000000,141.69
2021-12-01 04:35:46.448939 +0000 UTC,25342484,buy,0.012099214,6601.00000000,79.87
2021-12-01 04:36:39.899891 +0000 UTC,25342488,sell,0.010000000,6596.00000000,65.96
2021-12-01 04:36:52.066229 +0000 UTC,25342492,buy,0.012099214,6601.00000000,79.87
2021-12-01 04:37:23.793751 +0000 UTC,25342498,sell,0.016872891,6599.00000000,111.34
2021-12-01 04:37:45.14771 +0000 UTC,25342507,buy,0.003127109,6599.00000000,20.64
2021-12-01 04:37:45.149561 +0000 UTC,25342510,buy,0.008972051,6601.00000000,59.22
2021-12-01 04:39:01.998033 +0000 UTC,25342518,buy,0.060000000,6601.00000000,396.06
2021-12-01 04:40:45.710341 +0000 UTC,25342527,buy,0.053702359,6601.00000000,354.49
2021-12-01 04:43:05.177333 +0000 UTC,25342563,buy,0.014088476,6601.00000000,93.00
2021-12-01 04:43:06.760522 +0000 UTC,25342568,sell,0.020000000,6595.00000000,131.90
2021-12-01 04:43:06.760965 +0000 UTC,25342569,sell,0.010000000,6594.00000000,65.94
2021-12-01 04:44:17.646885 +0000 UTC,25342577,sell,0.020000000,6587.00000000,131.74
2021-12-01 04:44:19.936435 +0000 UTC,25342579,buy,0.010000000,6587.00000000,65.87
2021-12-01 04:44:20.263369 +0000 UTC,25342588,buy,0.039702257,6589.00000000,261.60
2021-12-01 04:45:16.093096 +0000 UTC,25342609,sell,0.005641749,6590.00000000,37.18
2021-12-01 04:45:24.189083 +0000 UTC,25342618,buy,0.004358251,6589.00000000,28.72
2021-12-01 04:46:36.433529 +0000 UTC,25342652,sell,0.014890449,6586.00000000,98.07
2021-12-01 04:46:36.434358 +0000 UTC,25342655,sell,0.015109551,6586.00000000,99.51
2021-12-01 04:46:36.435087 +0000 UTC,25342658,sell,0.010000000,6583.00000000,65.83
2021-12-01 04:46:36.435831 +0000 UTC,25342661,sell,0.030000000,6582.00000000,197.46
2021-12-01 04:46:36.43613 +0000 UTC,25342662,sell,0.010000000,6580.00000000,65.80
2021-12-01 04:46:36.436481 +0000 UTC,25342663,sell,0.024248303,6579.00000000,159.53
2021-12-01 04:46:36.437287 +0000 UTC,25342666,sell,0.010000000,6577.00000000,65.77
2021-12-01 04:46:36.437622 +0000 UTC,25342667,sell,0.030000000,6577.00000000,197.31
2021-12-01 04:46:36.71186 +0000 UTC,25342674,buy,0.012124151,6577.00000000,79.74
2021-12-01 04:46:36.720912 +0000 UTC,25342680,buy,0.050000000,6577.00000000,328.85
2021-12-01 04:46:38.00841 +0000 UTC,25342682,buy,0.010000000,6577.00000000,65.77
2021-12-01 04:46:41.186307 +0000 UTC,25342683,buy,0.243627546,6577.00000000,1602.33
2021-12-01 04:46:41.192316 +0000 UTC,25342684,buy,0.170000000,6601.00000000,1122.17
2021-12-01 04:47:34.158957 +0000 UTC,25342737,sell,0.040000000,6596.00000000,263.84
2021-12-01 04:48:06.098866 +0000 UTC,25342759,sell,0.024260068,6575.00000000,159.51
2021-12-01 04:48:06.100651 +0000 UTC,25342762,sell,0.010000000,6573.00000000,65.73
2021-12-01 04:48:06.213418 +0000 UTC,25342764,buy,0.024260068,6573.00000000,159.46
2021-12-01 04:48:59.828266 +0000 UTC,25342779,buy,0.061479864,6573.00000000,404.11
2021-12-01 04:51:40.867987 +0000 UTC,25342800,sell,0.002820079,6584.00000000,18.57
2021-12-01 04:51:40.926834 +0000 UTC,25342804,buy,0.002820079,6580.00000000,18.56
2021-12-01 04:51:58.200072 +0000 UTC,25342812,buy,0.004359842,6580.00000000,28.69
2021-12-01 04:56:11.976952 +0000 UTC,25342848,buy,0.335558517,6601.00000000,2215.02
2021-12-01 04:56:13.448704 +0000 UTC,25342857,buy,0.003517475,6601.00000000,23.22
2021-12-01 05:03:12.570234 +0000 UTC,25343037,buy,0.030000000,6599.00000000,197.97
2021-12-01 05:06:18.883758 +0000 UTC,25343058,sell,0.070000000,6577.00000000,460.39
2021-12-01 05:12:15.7978 +0000 UTC,25343101,sell,0.010000000,6564.00000000,65.64
2021-12-01 05:14:34.43053 +0000 UTC,25343153,sell,0.040000000,6558.00000000,262.32
2021-12-01 05:14:34.431183 +0000 UTC,25343154,sell,0.480000000,6557.00000000,3147.36
2021-12-01 05:14:42.53633 +0000 UTC,25343157,buy,0.030000000,6578.00000000,197.34
2021-12-01 05:14:42.536664 +0000 UTC,25343158,buy,0.570000000,6590.00000000,3756.30
2021-12-01 05:15:09.765965 +0000 UTC,25343162,sell,0.010000000,6557.00000000,65.57
2021-12-01 05:17:35.249708 +0000 UTC,25343167,buy,0.300000000,6585.00000000,1975.50
2021-12-01 05:20:06.029218 +0000 UTC,25343196,buy,0.060000000,6581.00000000,394.86
2021-12-01 05:23:05.767237 +0000 UTC,25343205,buy,0.080000000,6587.00000000,526.96
2021-12-01 05:23:05.767956 +0000 UTC,25343206,buy,0.070000000,6587.00000000,461.09
2021-12-01 05:25:54.384573 +0000 UTC,25343227,buy,0.040000000,6591.00000000,263.64
2021-12-01 05:27:36.881515 +0000 UTC,25343246,sell,0.020000000,6570.00000000,131.40
2021-12-01 05:29:07.534663 +0000 UTC,25343269,buy,0.150000000,6587.00000000,988.05
2021-12-01 05:36:41.955858 +0000 UTC,25343311,sell,0.020000000,6564.00000000,131.28
2021-12-01 05:37:06.098818 +0000 UTC,25343314,sell,0.010000000,6564.00000000,65.64
2021-12-01 05:37:06.099647 +0000 UTC,25343315,sell,0.020000000,6564.00000000,131.28
2021-12-01 05:37:46.063981 +0000 UTC,25343322,buy,0.010000000,6588.00000000,65.88
2021-12-01 05:41:25.976903 +0000 UTC,25343417,sell,0.016214061,6598.00000000,106.98
2021-12-01 05:41:57.954457 +0000 UTC,25343421,sell,0.120000000,6589.00000000,790.68
2021-12-01 05:42:05.220452 +0000 UTC,25343425,sell,0.150000000,6580.00000000,987.00
2021-12-01 05:42:42.979864 +0000 UTC,25343427,buy,0.030000000,6588.00000000,197.64
2021-12-01 05:45:18.08953 +0000 UTC,25343435,buy,0.010000000,6600.00000000,66.00
2021-12-01 05:47:51.536437 +0000 UTC,25343465,sell,0.280000000,6596.00000000,1846.88
2021-12-01 05:49:00.501311 +0000 UTC,25343511,sell,0.006567868,6568.00000000,43.14
2021-12-01 05:49:00.502125 +0000 UTC,25343514,sell,0.010000000,6567.00000000,65.67
2021-12-01 05:49:00.502445 +0000 UTC,25343515,sell,0.012097750,6567.00000000,79.45
2021-12-01 05:49:00.503187 +0000 UTC,25343518,sell,0.012097750,6566.00000000,79.43
2021-12-01 05:49:00.503987 +0000 UTC,25343521,sell,0.179236632,6566.00000000,1176.87
2021-12-01 05:50:26.895237 +0000 UTC,25343542,sell,0.006236256,6564.00000000,40.93
2021-12-01 05:50:26.896072 +0000 UTC,25343545,sell,0.010000000,6562.00000000,65.62
2021-12-01 05:50:26.896398 +0000 UTC,25343546,sell,0.010000000,6561.00000000,65.61
2021-12-01 05:50:27.272081 +0000 UTC,25343547,buy,0.213763744,6561.00000000,1402.50
2021-12-01 05:50:27.276857 +0000 UTC,25343548,buy,0.170000000,6594.00000000,1120.98
2021-12-01 05:51:07.281938 +0000 UTC,25343551,sell,0.010000000,6560.00000000,65.60
2021-12-01 05:53:30.432003 +0000 UTC,25343566,buy,0.060000000,6582.00000000,394.92
2021-12-01 05:53:32.424019 +0000 UTC,25343567,buy,0.450000000,6582.00000000,2961.90
2021-12-01 05:53:52.556624 +0000 UTC,25343572,sell,0.010000000,6558.00000000,65.58
2021-12-01 05:55:42.489246 +0000 UTC,25343593,sell,0.010000000,6557.00000000,65.57
2021-12-01 05:55:42.722407 +0000 UTC,25343601,buy,0.072586499,6557.00000000,475.95
2021-12-01 05:55:56.403234 +0000 UTC,25343607,buy,0.036310821,6557.00000000,238.09
2021-12-01 05:56:09.529426 +0000 UTC,25343610,buy,0.031102680,6557.00000000,203.94
2021-12-01 05:57:34.985557 +0000 UTC,25343621,buy,0.180000000,6578.00000000,1184.04
2021-12-01 05:58:49.033726 +0000 UTC,25343638,sell,0.040000000,6558.00000000,262.32
2021-12-01 05:58:49.034085 +0000 UTC,25343639,sell,0.030000000,6555.00000000,196.65
2021-12-01 05:58:49.034492 +0000 UTC,25343640,sell,0.030000000,6553.00000000,196.59
2021-12-01 05:58:53.110133 +0000 UTC,25343642,buy,0.350000000,6553.00000000,2293.55
2021-12-01 05:58:53.1148 +0000 UTC,25343643,buy,0.050000000,6578.00000000,328.90
2021-12-01 06:00:05.145538 +0000 UTC,25343671,buy,0.010000000,6565.00000000,65.65
2021-12-01 06:00:05.14586 +0000 UTC,25343672,buy,0.010000000,6568.00000000,65.68
2021-12-01 06:01:05.710999 +0000 UTC,25343674,sell,0.010000000,6576.00000000,65.76
2021-12-01 06:03:19.987028 +0000 UTC,25343690,buy,0.020000000,6560.00000000,131.20
2021-12-01 06:06:08.020123 +0000 UTC,25343711,buy,0.010000000,6558.00000000,65.58
2021-12-01 06:06:08.020445 +0000 UTC,25343712,buy,0.100000000,6558.00000000,655.80
2021-12-01 06:08:19.596493 +0000 UTC,25343714,sell,0.040000000,6557.00000000,262.28
2021-12-01 06:08:19.596812 +0000 UTC,25343715,sell,0.040000000,6556.00000000,262.24
2021-12-01 06:08:21.23337 +0000 UTC,25343720,buy,0.150000000,6553.00000000,982.95
2021-12-01 06:08:57.219368 +0000 UTC,25343726,buy,0.110000000,6558.00000000,721.38
2021-12-01 06:09:38.687163 +0000 UTC,25343732,buy,0.020000000,6552.00000000,131.04
2021-12-01 06:11:02.611007 +0000 UTC,25343748,buy,0.002828406,6562.00000000,18.56
2021-12-01 06:11:02.680801 +0000 UTC,25343751,buy,0.002827255,6562.00000000,18.55
2021-12-01 06:11:14.571573 +0000 UTC,25343754,buy,0.012124151,6562.00000000,79.56
2021-12-01 06:11:47.486117 +0000 UTC,25343757,buy,0.002220188,6562.00000000,14.57
2021-12-01 06:13:20.202589 +0000 UTC,25343773,buy,0.010000000,6584.00000000,65.84
2021-12-01 06:13:20.208136 +0000 UTC,25343774,buy,0.030000000,6586.00000000,197.58
2021-12-01 06:13:20.216493 +0000 UTC,25343775,buy,0.040000000,6588.00000000,263.52
2021-12-01 06:13:20.221582 +0000 UTC,25343776,buy,0.010000000,6589.00000000,65.89
2021-12-01 06:13:20.227498 +0000 UTC,25343777,buy,0.110000000,6590.00000000,724.90
2021-12-01 06:14:22.085153 +0000 UTC,25343781,sell,0.010000000,6581.00000000,65.81
2021-12-01 06:14:26.004101 +0000 UTC,25343784,buy,0.010000000,6570.00000000,65.70
2021-12-01 06:14:43.237568 +0000 UTC,25343789,buy,0.030000000,6570.00000000,197.10
2021-12-01 06:15:12.689249 +0000 UTC,25343816,buy,0.020000000,6577.00000000,131.54
2021-12-01 06:15:16.211312 +0000 UTC,25343821,buy,0.020000000,6590.00000000,131.80
2021-12-01 06:15:16.211652 +0000 UTC,25343822,buy,0.020000000,6590.00000000,131.80
2021-12-01 06:17:15.629309 +0000 UTC,25343852,sell,0.010000000,6571.00000000,65.71
2021-12-01 06:19:56.878422 +0000 UTC,25343988,buy,0.010000000,6581.00000000,65.81
2021-12-01 06:19:56.884587 +0000 UTC,25343989,buy,0.040000000,6600.00000000,264.00
2021-12-01 06:19:56.889284 +0000 UTC,25343990,buy,0.710000000,6601.00000000,4686.71
2021-12-01 06:23:32.32017 +0000 UTC,25344036,sell,0.010000000,6573.00000000,65.73
2021-12-01 06:27:04.686297 +0000 UTC,25344113,buy,0.054942998,6601.00000000,362.67
2021-12-01 06:27:04.686625 +0000 UTC,25344114,buy,0.020000000,6607.00000000,132.14
2021-12-01 06:27:04.686915 +0000 UTC,25344115,buy,0.020000000,6609.00000000,132.18
2021-12-01 06:27:04.687203 +0000 UTC,25344116,buy,0.005057002,6613.00000000,33.45
2021-12-01 06:29:19.303597 +0000 UTC,25344134,sell,0.010000000,6599.00000000,65.99
2021-12-01 06:30:14.213515 +0000 UTC,25344139,sell,0.010000000,6599.00000000,65.99
2021-12-01 06:30:24.632863 +0000 UTC,25344141,buy,0.020000000,6605.00000000,132.10
2021-12-01 06:33:06.483143 +0000 UTC,25344161,sell,0.040000000,6569.00000000,262.76
2021-12-01 06:33:06.483855 +0000 UTC,25344162,sell,0.036288859,6568.00000000,238.35
2021-12-01 06:33:06.484699 +0000 UTC,25344165,sell,0.024192573,6567.00000000,158.87
2021-12-01 06:33:06.485441 +0000 UTC,25344168,sell,1.210000000,6565.00000000,7943.65
2021-12-01 06:33:06.710553 +0000 UTC,25344173,buy,0.288054222,6565.00000000,1891.08
2021-12-01 06:33:06.727994 +0000 UTC,25344176,buy,0.001464346,6565.00000000,9.61
2021-12-01 06:33:06.750909 +0000 UTC,25344181,buy,0.280000000,6601.00000000,1848.28
2021-12-01 06:33:06.801973 +0000 UTC,25344183,buy,0.590000000,6601.00000000,3894.59
2021-12-01 06:33:16.673451 +0000 UTC,25344186,buy,0.070000000,6564.00000000,459.48
2021-12-01 06:34:26.680497 +0000 UTC,25344215,buy,0.012052549,6595.00000000,79.49
2021-12-01 06:35:26.181562 +0000 UTC,25344224,buy,0.010000000,6589.00000000,65.89
2021-12-01 06:38:23.201623 +0000 UTC,25344268,buy,0.120000000,6604.00000000,792.48
2021-12-01 06:38:23.366311 +0000 UTC,25344270,buy,0.022528865,6598.00000000,148.65
2021-12-01 06:38:23.367751 +0000 UTC,25344273,buy,0.030977190,6598.00000000,204.39
2021-12-01 06:38:23.374408 +0000 UTC,25344276,buy,0.026493945,6605.00000000,174.99
2021-12-01 06:38:23.380274 +0000 UTC,25344279,buy,0.160000000,6609.00000000,1057.44
2021-12-01 06:39:54.208193 +0000 UTC,25344293,sell,0.050000000,6601.00000000,330.05
2021-12-01 06:40:18.914678 +0000 UTC,25344295,buy,0.060168472,6601.00000000,397.17
2021-12-01 06:40:23.76694 +0000 UTC,25344298,buy,0.009831528,6601.00000000,64.90
2021-12-01 06:41:56.146658 +0000 UTC,25344305,sell,0.005625879,6592.00000000,37.09
2021-12-01 06:41:58.633123 +0000 UTC,25344311,sell,0.030000000,6609.00000000,198.27
2021-12-01 06:41:58.648257 +0000 UTC,25344314,buy,0.030000000,6606.00000000,198.18
2021-12-01 06:42:28.455466 +0000 UTC,25344321,buy,0.010000000,6609.00000000,66.09
2021-12-01 06:42:33.46509 +0000 UTC,25344324,sell,0.010000000,6599.00000000,65.99
2021-12-01 06:43:07.233641 +0000 UTC,25344329,buy,0.012052549,6606.00000000,79.62
2021-12-01 06:44:10.030794 +0000 UTC,25344336,buy,0.024105098,6606.00000000,159.24
2021-12-01 06:44:54.121186 +0000 UTC,25344339,buy,0.023842353,6606.00000000,157.50
2021-12-01 06:46:46.580648 +0000 UTC,25344354,buy,0.004064698,6609.00000000,26.86
2021-12-01 06:46:46.582271 +0000 UTC,25344357,buy,0.010000000,6612.00000000,66.12
2021-12-01 06:46:46.582584 +0000 UTC,25344358,buy,0.030000000,6613.00000000,198.39
2021-12-01 06:46:46.650905 +0000 UTC,25344360,sell,0.005625879,6617.00000000,37.23
2021-12-01 06:46:46.669961 +0000 UTC,25344366,sell,0.004228502,6617.00000000,27.98
2021-12-01 06:51:19.9089 +0000 UTC,25344416,sell,0.287947451,6621.00000000,1906.50
2021-12-01 06:51:37.569751 +0000 UTC,25344423,sell,0.090000000,6617.00000000,595.53
2021-12-01 06:51:37.639489 +0000 UTC,25344424,sell,0.006080921,6617.00000000,40.24
2021-12-01 06:53:48.190229 +0000 UTC,25344491,buy,0.030000000,6608.00000000,198.24
2021-12-01 06:53:48.677389 +0000 UTC,25344496,buy,0.002117451,6607.00000000,13.99
2021-12-01 06:54:37.431803 +0000 UTC,25344518,sell,0.020000000,6603.00000000,132.06
2021-12-01 06:55:08.21175 +0000 UTC,25344528,buy,0.780000000,6606.00000000,5152.68
2021-12-01 06:58:51.558615 +0000 UTC,25344559,sell,0.010000000,6601.00000000,66.01
2021-12-01 06:58:51.660066 +0000 UTC,25344575,buy,0.010000000,6589.00000000,65.89
2021-12-01 06:59:43.505543 +0000 UTC,25344585,sell,0.030000000,6603.00000000,198.09
2021-12-01 07:00:15.681624 +0000 UTC,25344589,sell,0.040000000,6583.00000000,263.32
2021-12-01 07:00:33.124142 +0000 UTC,25344590,buy,0.070000000,6582.00000000,460.74
2021-12-01 07:00:33.129584 +0000 UTC,25344591,buy,0.370000000,6598.00000000,2441.26
2021-12-01 07:00:40.554045 +0000 UTC,25344592,buy,0.570000000,6599.00000000,3761.43
2021-12-01 07:00:41.638705 +0000 UTC,25344593,buy,0.400000000,6600.00000000,2640.00
2021-12-01 07:00:43.583226 +0000 UTC,25344594,buy,0.190000000,6600.00000000,1254.00
2021-12-01 07:00:44.630779 +0000 UTC,25344595,buy,0.190000000,6600.00000000,1254.00
2021-12-01 07:00:46.019769 +0000 UTC,25344596,buy,0.210000000,6600.00000000,1386.00
2021-12-01 07:00:47.290348 +0000 UTC,25344597,buy,0.210000000,6600.00000000,1386.00
2021-12-01 07:00:52.115707 +0000 UTC,25344598,buy,0.340000000,6600.00000000,2244.00
2021-12-01 07:00:52.121918 +0000 UTC,25344599,buy,0.170000000,6601.00000000,1122.17
2021-12-01 07:02:22.527645 +0000 UTC,25344610,sell,0.120000000,6595.00000000,791.40
2021-12-01 07:06:55.274579 +0000 UTC,25344635,buy,0.230000000,6599.00000000,1517.77
2021-12-01 07:06:55.282468 +0000 UTC,25344636,buy,0.170000000,6600.00000000,1122.00
2021-12-01 07:07:13.521267 +0000 UTC,25344637,buy,0.090000000,6598.00000000,593.82
2021-12-01 07:07:13.527289 +0000 UTC,25344638,buy,0.180000000,6600.00000000,1188.00
2021-12-01 07:08:22.20921 +0000 UTC,25344647,sell,0.100000000,6587.00000000,658.70
2021-12-01 07:08:27.394304 +0000 UTC,25344651,buy,1.500000000,6609.00000000,9913.50
2021-12-01 07:08:28.399512 +0000 UTC,25344652,buy,1.210000000,6609.00000000,7996.89
2021-12-01 07:08:38.168129 +0000 UTC,25344655,buy,0.220000000,6618.00000000,1455.96
2021-12-01 07:08:38.173154 +0000 UTC,25344656,buy,0.460000000,6619.00000000,3044.74
2021-12-01 07:09:10.326486 +0000 UTC,25344705,buy,0.070000000,6621.00000000,463.47
2021-12-01 07:09:10.332614 +0000 UTC,25344706,buy,0.730000000,6622.00000000,4834.06
2021-12-01 07:09:11.338491 +0000 UTC,25344710,buy,0.255920103,6622.00000000,1694.70
2021-12-01 07:09:11.34356 +0000 UTC,25344711,buy,1.020000000,6625.00000000,6757.50
2021-12-01 07:10:37.996156 +0000 UTC,25344845,buy,0.030000000,6617.00000000,198.51
2021-12-01 07:10:52.58568 +0000 UTC,25344864,buy,0.040000000,6626.00000000,265.04
2021-12-01 07:11:49.909593 +0000 UTC,25344938,buy,0.002796380,6630.00000000,18.54
2021-12-01 07:12:01.97874 +0000 UTC,25344956,buy,0.070000000,6630.00000000,464.10
2021-12-01 07:13:47.560499 +0000 UTC,25345005,buy,0.077203620,6630.00000000,511.86
2021-12-01 07:13:47.560801 +0000 UTC,25345006,buy,0.022796380,6633.00000000,151.21
2021-12-01 07:15:10.170835 +0000 UTC,25345007,sell,0.200000000,6625.00000000,1325.00
2021-12-01 07:15:53.235368 +0000 UTC,25345010,buy,0.017203620,6633.00000000,114.11
2021-12-01 07:16:47.856539 +0000 UTC,25345034,buy,0.040000000,6646.00000000,265.84
2021-12-01 07:21:13.323178 +0000 UTC,25345087,sell,0.002796380,6634.00000000,18.56
2021-12-01 07:23:31.71086 +0000 UTC,25345163,buy,0.130000000,6627.00000000,861.51
2021-12-01 07:27:22.195809 +0000 UTC,25345266,buy,1.050000000,6626.00000000,6957.30
2021-12-01 07:31:04.717045 +0000 UTC,25345335,buy,0.090000000,6628.00000000,596.52
2021-12-01 07:31:04.717361 +0000 UTC,25345336,buy,0.010000000,6648.00000000,66.48
2021-12-01 07:32:28.464686 +0000 UTC,25345372,sell,0.019564002,6628.00000000,129.67
2021-12-01 07:32:28.518629 +0000 UTC,25345375,sell,0.020000000,6628.00000000,132.56
2021-12-01 07:38:31.013894 +0000 UTC,25345448,buy,0.240000000,6649.00000000,1595.76
2021-12-01 07:38:46.980305 +0000 UTC,25345450,buy,0.002794857,6631.00000000,18.53
2021-12-01 07:39:01.077446 +0000 UTC,25345453,sell,0.007205143,6645.00000000,47.88
2021-12-01 07:39:04.240509 +0000 UTC,25345455,sell,0.020000000,6624.00000000,132.48
2021-12-01 07:39:04.421893 +0000 UTC,25345456,buy,0.150000000,6624.00000000,993.60
2021-12-01 07:39:29.180893 +0000 UTC,25345458,buy,0.160000000,6641.00000000,1062.56
2021-12-01 07:40:31.747316 +0000 UTC,25345482,buy,0.140000000,6640.00000000,929.60
2021-12-01 07:40:34.014109 +0000 UTC,25345487,buy,0.100000000,6640.00000000,664.00
2021-12-01 07:40:36.233395 +0000 UTC,25345491,buy,0.070000000,6640.00000000,464.80
2021-12-01 07:40:36.233717 +0000 UTC,25345492,buy,0.010000000,6641.00000000,66.41
2021-12-01 07:40:36.234081 +0000 UTC,25345493,buy,0.002794857,6641.00000000,18.56
2021-12-01 07:40:36.234842 +0000 UTC,25345496,buy,0.017205143,6643.00000000,114.30
2021-12-01 07:40:37.195991 +0000 UTC,25345499,buy,0.050000000,6642.00000000,332.10
2021-12-01 07:40:37.2004 +0000 UTC,25345500,buy,2.950000000,6643.00000000,19596.85
2021-12-01 07:40:38.220394 +0000 UTC,25345501,buy,0.030000000,6642.00000000,199.26
2021-12-01 07:40:38.225205 +0000 UTC,25345502,buy,2.970000000,6643.00000000,19729.71
2021-12-01 07:40:39.243168 +0000 UTC,25345503,buy,0.030000000,6642.00000000,199.26
2021-12-01 07:40:39.248626 +0000 UTC,25345504,buy,1.582794857,6643.00000000,10514.50
2021-12-01 07:40:39.252812 +0000 UTC,25345505,buy,0.005589715,6648.00000000,37.16
2021-12-01 07:40:39.258842 +0000 UTC,25345508,buy,0.050000000,6650.00000000,332.50
2021-12-01 07:40:39.259148 +0000 UTC,25345509,buy,0.050000000,6650.00000000,332.50
2021-12-01 07:40:39.259403 +0000 UTC,25345510,buy,0.030000000,6650.00000000,199.50
2021-12-01 07:40:39.263417 +0000 UTC,25345511,buy,0.030000000,6651.00000000,199.53
2021-12-01 07:40:39.268754 +0000 UTC,25345512,buy,0.002794857,6652.00000000,18.59
2021-12-01 07:40:39.273383 +0000 UTC,25345515,buy,0.371613522,6660.00000000,2474.95
2021-12-01 07:40:39.279888 +0000 UTC,25345518,buy,0.070000000,6661.00000000,466.27
2021-12-01 07:40:39.280187 +0000 UTC,25345519,buy,0.330000000,6661.00000000,2198.13
2021-12-01 07:40:40.562744 +0000 UTC,25345520,buy,3.000000000,6644.00000000,19932.00
2021-12-01 07:40:41.272085 +0000 UTC,25345523,buy,0.060000000,6643.00000000,398.58
2021-12-01 07:40:41.277004 +0000 UTC,25345524,buy,2.940000000,6644.00000000,19533.36
2021-12-01 07:40:42.297736 +0000 UTC,25345527,buy,1.580000000,6644.00000000,10497.52
2021-12-01 07:40:42.302061 +0000 UTC,25345528,buy,0.040000000,6645.00000000,265.80
2021-12-01 07:40:42.3071 +0000 UTC,25345529,buy,0.640000000,6661.00000000,4263.04
2021-12-01 07:40:43.291921 +0000 UTC,25345532,buy,3.000000000,6644.00000000,19932.00
2021-12-01 07:40:44.341379 +0000 UTC,25345534,buy,0.030000000,6643.00000000,199.29
2021-12-01 07:40:44.345703 +0000 UTC,25345535,buy,2.970000000,6644.00000000,19732.68
2021-12-01 07:40:45.341967 +0000 UTC,25345538,buy,1.550000000,6644.00000000,10298.20
2021-12-01 07:40:45.34749 +0000 UTC,25345539,buy,0.479501319,6661.00000000,3193.96
2021-12-01 07:40:45.352151 +0000 UTC,25345542,buy,0.036461712,6663.00000000,242.94
2021-12-01 07:40:45.358039 +0000 UTC,25345545,buy,0.060000000,6665.00000000,399.90
2021-12-01 07:40:45.362201 +0000 UTC,25345546,buy,0.140000000,6666.00000000,933.24
2021-12-01 07:40:46.443617 +0000 UTC,25345549,buy,0.020000000,6643.00000000,132.86
2021-12-01 07:40:46.448967 +0000 UTC,25345550,buy,2.980000000,6644.00000000,19799.12
2021-12-01 07:40:47.372951 +0000 UTC,25345551,buy,0.002793296,6638.00000000,18.54
2021-12-01 07:40:47.379647 +0000 UTC,25345554,buy,2.990000000,6644.00000000,19865.56
2021-12-01 07:40:48.472848 +0000 UTC,25345555,buy,1.550000000,6644.00000000,10298.20
2021-12-01 07:40:48.473141 +0000 UTC,25345556,buy,0.010000000,6644.00000000,66.44
2021-12-01 07:40:48.478756 +0000 UTC,25345557,buy,0.059937665,6661.00000000,399.24
2021-12-01 07:40:48.485327 +0000 UTC,25345560,buy,0.050000000,6662.00000000,333.10
2021-12-01 07:40:49.381395 +0000 UTC,25345564,buy,3.000000000,6643.00000000,19929.00
2021-12-01 07:40:50.423878 +0000 UTC,25345565,buy,3.000000000,6643.00000000,19929.00
2021-12-01 07:40:51.450216 +0000 UTC,25345566,buy,1.520000000,6643.00000000,10097.36
2021-12-01 07:40:51.455865 +0000 UTC,25345567,buy,0.010000000,6644.00000000,66.44
2021-12-01 07:40:51.461608 +0000 UTC,25345568,buy,0.047950132,6661.00000000,319.40
2021-12-01 07:40:51.467607 +0000 UTC,25345571,buy,0.200000000,6662.00000000,1332.40
2021-12-01 07:40:52.823632 +0000 UTC,25345574,buy,0.010000000,6643.00000000,66.43
2021-12-01 07:40:52.828515 +0000 UTC,25345575,buy,2.990000000,6644.00000000,19865.56
2021-12-01 07:41:16.532149 +0000 UTC,25345578,buy,5.000000000,6640.00000000,33200.00
2021-12-01 07:41:18.721468 +0000 UTC,25345579,buy,1.330000000,6640.00000000,8831.20
2021-12-01 07:41:21.220555 +0000 UTC,25345580,buy,0.200000000,6640.00000000,1328.00
2021-12-01 07:41:23.221035 +0000 UTC,25345581,sell,0.030000000,6638.00000000,199.14
2021-12-01 07:41:52.586189 +0000 UTC,25345594,buy,0.520000000,6638.00000000,3451.76
2021-12-01 07:43:36.657068 +0000 UTC,25345620,sell,0.050000000,6639.00000000,331.95
2021-12-01 07:43:36.659071 +0000 UTC,25345623,sell,0.000279330,6638.00000000,1.85
2021-12-01 07:43:36.913891 +0000 UTC,25345644,sell,0.020000000,6638.00000000,132.76
2021-12-01 07:45:27.06901 +0000 UTC,25345689,buy,0.010000000,6642.00000000,66.42
2021-12-01 07:46:37.688498 +0000 UTC,25345696,buy,0.010000000,6656.00000000,66.56
2021-12-01 07:46:42.824834 +0000 UTC,25345697,buy,0.070000000,6669.00000000,466.83
2021-12-01 07:47:04.285343 +0000 UTC,25345702,buy,0.010000000,6658.00000000,66.58
2021-12-01 07:47:13.994228 +0000 UTC,25345710,buy,0.010000000,6666.00000000,66.66
2021-12-01 07:47:43.983539 +0000 UTC,25345714,buy,0.010000000,6662.00000000,66.62
2021-12-01 07:49:19.979026 +0000 UTC,25345721,buy,0.020000000,6654.00000000,133.08
2021-12-01 07:50:19.987669 +0000 UTC,25345722,buy,0.020000000,6645.00000000,132.90
2021-12-01 07:50:32.086991 +0000 UTC,25345726,buy,0.010000000,6641.00000000,66.41
2021-12-01 07:50:43.611461 +0000 UTC,25345727,sell,0.010000000,6639.00000000,66.39
2021-12-01 07:51:11.986486 +0000 UTC,25345750,sell,0.012007685,6639.00000000,79.72
2021-12-01 07:51:18.920392 +0000 UTC,25345753,buy,0.030000000,6643.00000000,199.29
2021-12-01 07:54:21.560383 +0000 UTC,25345845,sell,0.010000000,6643.00000000,66.43
2021-12-01 07:54:25.807734 +0000 UTC,25345849,buy,0.090000000,6641.00000000,597.69
2021-12-01 07:54:26.068067 +0000 UTC,25345854,buy,0.010000000,6641.00000000,66.41
2021-12-01 07:55:00.326876 +0000 UTC,25345876,sell,0.910000000,6635.00000000,6037.85
2021-12-01 07:55:00.327218 +0000 UTC,25345877,sell,0.010000000,6634.00000000,66.34
2021-12-01 07:55:00.327619 +0000 UTC,25345878,sell,0.087992315,6633.00000000,583.65
2021-12-01 07:55:00.32855 +0000 UTC,25345881,sell,4.900000000,6630.00000000,32487.00
2021-12-01 07:55:00.328931 +0000 UTC,25345882,sell,0.002795639,6624.00000000,18.52
2021-12-01 07:55:00.329862 +0000 UTC,25345885,sell,0.360000000,6623.00000000,2384.28
2021-12-01 07:55:00.465846 +0000 UTC,25345887,buy,0.002795639,6623.00000000,18.52
2021-12-01 07:55:02.040315 +0000 UTC,25345890,buy,0.030000000,6623.00000000,198.69
2021-12-01 07:55:13.471081 +0000 UTC,25345894,buy,0.190000000,6623.00000000,1258.37
2021-12-01 07:55:32.18313 +0000 UTC,25345902,buy,2.800000000,6623.00000000,18544.40
2021-12-01 07:55:40.878271 +0000 UTC,25345906,buy,1.200000000,6623.00000000,7947.60
2021-12-01 07:55:42.366929 +0000 UTC,25345908,buy,0.024076080,6623.00000000,159.46
2021-12-01 07:55:45.139553 +0000 UTC,25345911,buy,0.024076080,6623.00000000,159.46
2021-12-01 07:55:48.857559 +0000 UTC,25345914,buy,0.024076080,6623.00000000,159.46
2021-12-01 07:55:52.372087 +0000 UTC,25345917,buy,0.024084778,6623.00000000,159.51
2021-12-01 07:55:52.872377 +0000 UTC,25345919,sell,0.270000000,6620.00000000,1787.40
2021-12-01 07:55:55.33933 +0000 UTC,25345921,buy,0.024084778,6623.00000000,159.51
2021-12-01 07:56:59.963232 +0000 UTC,25345947,buy,0.024087679,6623.00000000,159.53
2021-12-01 07:57:02.56519 +0000 UTC,25345949,buy,0.950000000,6623.00000000,6291.85
2021-12-01 07:57:02.767559 +0000 UTC,25345951,buy,0.001930932,6623.00000000,12.79
2021-12-01 07:59:44.470398 +0000 UTC,25346026,buy,0.300000000,6643.00000000,1992.90
2021-12-01 07:59:52.694431 +0000 UTC,25346030,sell,0.010000000,6619.00000000,66.19
2021-12-01 08:00:00.122439 +0000 UTC,25346034,buy,0.010000000,6619.00000000,66.19
2021-12-01 08:00:21.772705 +0000 UTC,25346042,buy,0.040000000,6623.00000000,264.92
2021-12-01 08:04:45.162725 +0000 UTC,25346105,buy,0.020000000,6600.00000000,132.00
2021-12-01 08:04:45.169555 +0000 UTC,25346106,buy,0.370000000,6639.00000000,2456.43
2021-12-01 08:04:50.972056 +0000 UTC,25346114,buy,0.050000000,6637.00000000,331.85
2021-12-01 08:06:26.051524 +0000 UTC,25346129,sell,0.070000000,6600.00000000,462.00
2021-12-01 08:06:26.051878 +0000 UTC,25346130,sell,0.012062726,6599.00000000,79.60
2021-12-01 08:06:39.188584 +0000 UTC,25346133,sell,0.010000000,6598.00000000,65.98
2021-12-01 08:07:12.407926 +0000 UTC,25346135,buy,0.587937274,6599.00000000,3879.80
2021-12-01 08:07:24.609065 +0000 UTC,25346147,sell,0.010000000,6598.00000000,65.98
2021-12-01 08:07:24.609386 +0000 UTC,25346148,sell,0.220000000,6584.00000000,1448.48
2021-12-01 08:08:18.539868 +0000 UTC,25346200,buy,1.220000000,6625.00000000,8082.50
2021-12-01 08:10:09.455471 +0000 UTC,25346275,sell,0.010000000,6590.00000000,65.90
2021-12-01 08:10:20.15743 +0000 UTC,25346310,sell,0.010000000,6590.00000000,65.90
2021-12-01 08:10:20.157733 +0000 UTC,25346311,sell,0.020000000,6589.00000000,131.78
2021-12-01 08:10:20.508381 +0000 UTC,25346312,buy,0.060000000,6581.00000000,394.86
2021-12-01 08:10:20.515689 +0000 UTC,25346313,buy,0.180000000,6610.00000000,1189.80
2021-12-01 08:11:22.380004 +0000 UTC,25346320,buy,0.980000000,6610.00000000,6477.80
2021-12-01 08:11:23.412522 +0000 UTC,25346321,buy,0.490000000,6610.00000000,3238.90
2021-12-01 08:11:25.354447 +0000 UTC,25346322,buy,0.640000000,6610.00000000,4230.40
2021-12-01 08:11:26.370302 +0000 UTC,25346329,buy,1.090000000,6609.00000000,7203.81
2021-12-01 08:11:26.375808 +0000 UTC,25346330,buy,0.220000000,6615.00000000,1455.30
2021-12-01 08:11:27.397134 +0000 UTC,25346331,buy,0.770000000,6608.00000000,5088.16
2021-12-01 08:11:27.40336 +0000 UTC,25346332,buy,0.100000000,6615.00000000,661.50
2021-12-01 08:11:53.722768 +0000 UTC,25346342,buy,0.540000000,6606.00000000,3567.24
2021-12-01 08:11:53.727888 +0000 UTC,25346343,buy,0.030000000,6611.00000000,198.33
2021-12-01 08:13:00.032197 +0000 UTC,25346352,buy,0.630000000,6604.00000000,4160.52
2021-12-01 08:13:01.077097 +0000 UTC,25346353,buy,0.450000000,6604.00000000,2971.80
2021-12-01 08:13:01.083383 +0000 UTC,25346354,buy,0.960000000,6605.00000000,6340.80
2021-12-01 08:13:02.764095 +0000 UTC,25346358,buy,0.390000000,6604.00000000,2575.56
2021-12-01 08:13:02.769329 +0000 UTC,25346359,buy,0.490000000,6608.00000000,3237.92
2021-12-01 08:14:29.302821 +0000 UTC,25346420,buy,0.240000000,6600.00000000,1584.00
2021-12-01 08:14:30.294487 +0000 UTC,25346421,buy,0.260000000,6599.00000000,1715.74
2021-12-01 08:14:30.299775 +0000 UTC,25346422,buy,0.840000000,6604.00000000,5547.36
2021-12-01 08:14:31.291573 +0000 UTC,25346423,buy,0.180000000,6603.00000000,1188.54
2021-12-01 08:14:31.296086 +0000 UTC,25346424,buy,0.350000000,6604.00000000,2311.40
2021-12-01 08:14:32.321191 +0000 UTC,25346425,buy,0.130000000,6603.00000000,858.39
2021-12-01 08:14:32.325464 +0000 UTC,25346426,buy,0.450000000,6604.00000000,2971.80
2021-12-01 08:14:33.660638 +0000 UTC,25346427,buy,0.090000000,6603.00000000,594.27
2021-12-01 08:14:33.665435 +0000 UTC,25346428,buy,0.730000000,6604.00000000,4820.92
2021-12-01 08:14:34.696304 +0000 UTC,25346429,buy,0.060000000,6603.00000000,396.18
2021-12-01 08:14:34.702104 +0000 UTC,25346430,buy,0.180000000,6604.00000000,1188.72
2021-12-01 08:14:41.733867 +0000 UTC,25346431,buy,0.110000000,6603.00000000,726.33
2021-12-01 08:14:41.797448 +0000 UTC,25346432,buy,0.180000000,6604.00000000,1188.72
2021-12-01 08:14:47.775529 +0000 UTC,25346433,buy,0.080000000,6603.00000000,528.24
2021-12-01 08:14:47.780842 +0000 UTC,25346434,buy,0.370000000,6604.00000000,2443.48
2021-12-01 08:14:49.310218 +0000 UTC,25346435,buy,0.050000000,6603.00000000,330.15
2021-12-01 08:14:49.315996 +0000 UTC,25346436,buy,0.330000000,6604.00000000,2179.32
2021-12-01 08:14:50.32182 +0000 UTC,25346437,buy,0.400000000,6604.00000000,2641.60
2021-12-01 08:14:51.643641 +0000 UTC,25346438,buy,0.050000000,6603.00000000,330.15
2021-12-01 08:14:51.64831 +0000 UTC,25346439,buy,0.330000000,6604.00000000,2179.32
2021-12-01 08:14:52.33167 +0000 UTC,25346440,buy,0.030000000,6603.00000000,198.09
2021-12-01 08:14:52.337466 +0000 UTC,25346441,buy,1.300000000,6606.00000000,8587.80
2021-12-01 08:14:56.700221 +0000 UTC,25346442,buy,0.030000000,6607.00000000,198.21
2021-12-01 08:14:56.706368 +0000 UTC,25346443,buy,0.020000000,6608.00000000,132.16
2021-12-01 08:14:56.712181 +0000 UTC,25346444,buy,0.540000000,6610.00000000,3569.40
2021-12-01 08:14:58.694802 +0000 UTC,25346452,buy,0.020000000,6609.00000000,132.18
2021-12-01 08:14:58.699208 +0000 UTC,25346453,buy,0.370000000,6610.00000000,2445.70
2021-12-01 08:15:05.791873 +0000 UTC,25346457,buy,0.010000000,6613.00000000,66.13
2021-12-01 08:15:05.796606 +0000 UTC,25346458,buy,0.190000000,6614.00000000,1256.66
2021-12-01 08:15:29.126381 +0000 UTC,25346460,buy,1.640000000,6606.00000000,10833.84
2021-12-01 08:15:30.132632 +0000 UTC,25346468,buy,2.550000000,6608.00000000,16850.40
2021-12-01 08:15:34.144638 +0000 UTC,25346472,buy,0.133979721,6619.00000000,886.81
2021-12-01 08:15:34.145451 +0000 UTC,25346475,buy,0.297593921,6619.00000000,1969.77
2021-12-01 08:15:34.151477 +0000 UTC,25346478,buy,0.110000000,6623.00000000,728.53
2021-12-01 08:15:34.151787 +0000 UTC,25346479,buy,0.200000000,6623.00000000,1324.60
2021-12-01 08:16:00.183028 +0000 UTC,25346491,buy,0.010000000,6623.00000000,66.23
2021-12-01 08:16:00.188401 +0000 UTC,25346492,buy,0.719981005,6624.00000000,4769.15
2021-12-01 08:16:00.18919 +0000 UTC,25346495,buy,0.654284508,6624.00000000,4333.98
2021-12-01 08:16:00.189896 +0000 UTC,25346498,buy,0.115734487,6624.00000000,766.63
2021-12-01 08:16:08.258575 +0000 UTC,25346525,buy,0.930000000,6627.00000000,6163.11
2021-12-01 08:16:11.235328 +0000 UTC,25346529,buy,1.034043900,6629.00000000,6854.68
2021-12-01 08:16:11.236103 +0000 UTC,25346532,buy,0.185956100,6629.00000000,1232.70
2021-12-01 08:16:15.062924 +0000 UTC,25346538,buy,0.848087800,6629.00000000,5621.97
2021-12-01 08:16:15.0638 +0000 UTC,25346541,buy,0.018995357,6629.00000000,125.92
2021-12-01 08:16:15.064668 +0000 UTC,25346544,buy,0.802916843,6629.00000000,5322.54
2021-12-01 08:16:49.983743 +0000 UTC,25346601,buy,0.020000000,6620.00000000,132.40
2021-12-01 08:20:10.295881 +0000 UTC,25346870,sell,0.010000000,6624.00000000,66.24
2021-12-01 08:20:10.296788 +0000 UTC,25346873,sell,0.220000000,6623.00000000,1457.06
2021-12-01 08:20:10.297682 +0000 UTC,25346876,sell,0.070000000,6622.00000000,463.54
2021-12-01 08:20:10.421985 +0000 UTC,25346879,sell,0.175794228,6613.00000000,1162.53
2021-12-01 08:21:55.720299 +0000 UTC,25346960,sell,0.010000000,6619.00000000,66.19
2021-12-01 08:21:55.720654 +0000 UTC,25346961,sell,0.014786650,6618.00000000,97.86
2021-12-01 08:21:55.926369 +0000 UTC,25346965,buy,0.006337136,6614.00000000,41.91
2021-12-01 08:21:55.995955 +0000 UTC,25346967,buy,0.010000000,6614.00000000,66.14
2021-12-01 08:21:56.02275 +0000 UTC,25346971,buy,0.278876214,6614.00000000,1844.48
2021-12-01 08:21:56.028436 +0000 UTC,25346972,buy,0.050000000,6622.00000000,331.10
2021-12-01 08:21:56.033663 +0000 UTC,25346973,buy,0.810000000,6634.00000000,5373.54
2021-12-01 08:22:33.533766 +0000 UTC,25346994,buy,0.030000000,6643.00000000,199.29
2021-12-01 08:22:56.821085 +0000 UTC,25347027,sell,0.030000000,6643.00000000,199.29
2021-12-01 08:25:15.504051 +0000 UTC,25347133,buy,0.570000000,6636.00000000,3782.52
2021-12-01 08:25:17.597289 +0000 UTC,25347137,buy,0.570000000,6639.00000000,3784.23
2021-12-01 08:25:19.593251 +0000 UTC,25347141,buy,0.640000000,6643.00000000,4251.52
2021-12-01 08:26:20.821067 +0000 UTC,25347174,buy,0.380000000,6628.00000000,2518.64
2021-12-01 08:26:21.848582 +0000 UTC,25347175,buy,0.380000000,6630.00000000,2519.40
2021-12-01 08:26:31.038402 +0000 UTC,25347176,buy,1.150000000,6628.00000000,7622.20
2021-12-01 08:26:33.206712 +0000 UTC,25347189,buy,0.460000000,6630.00000000,3049.80
2021-12-01 08:27:19.097483 +0000 UTC,25347234,buy,0.972644377,6629.00000000,6447.66
2021-12-01 08:29:18.022935 +0000 UTC,25347346,buy,0.050000000,6635.00000000,331.75
2021-12-01 08:29:18.027076 +0000 UTC,25347347,buy,0.920000000,6636.00000000,6105.12
2021-12-01 08:30:09.315363 +0000 UTC,25347433,buy,0.227355623,6632.00000000,1507.82
2021-12-01 08:30:43.546377 +0000 UTC,25347447,buy,1.200000000,6640.00000000,7968.00
2021-12-01 08:30:43.552133 +0000 UTC,25347448,buy,0.020000000,6644.00000000,132.88
2021-12-01 08:30:43.556868 +0000 UTC,25347449,buy,0.150000000,6645.00000000,996.75
2021-12-01 08:31:35.181507 +0000 UTC,25347553,buy,0.070000000,6646.00000000,465.22
2021-12-01 08:31:35.187255 +0000 UTC,25347554,buy,0.030000000,6647.00000000,199.41
2021-12-01 08:31:35.191901 +0000 UTC,25347555,buy,0.150000000,6653.00000000,997.95
2021-12-01 08:32:01.172533 +0000 UTC,25347573,buy,0.780000000,6653.00000000,5189.34
2021-12-01 08:32:02.177924 +0000 UTC,25347576,buy,1.220000000,6653.00000000,8116.66
2021-12-01 08:35:18.522683 +0000 UTC,25347674,buy,0.120000000,6656.00000000,798.72
2021-12-01 08:35:39.129838 +0000 UTC,25347680,sell,0.020000000,6637.00000000,132.74
2021-12-01 08:35:39.170807 +0000 UTC,25347686,sell,0.028042625,6636.00000000,186.09
2021-12-01 08:35:39.406238 +0000 UTC,25347689,sell,0.081957375,6636.00000000,543.87
2021-12-01 08:39:54.650868 +0000 UTC,25347952,buy,0.020000000,6626.00000000,132.52
2021-12-01 08:40:44.035283 +0000 UTC,25347958,buy,0.020000000,6627.00000000,132.54
2021-12-01 08:40:54.703784 +0000 UTC,25347968,sell,0.020000000,6622.00000000,132.44
2021-12-01 08:41:15.558726 +0000 UTC,25347997,sell,0.030000000,6618.00000000,198.54
2021-12-01 08:41:16.659802 +0000 UTC,25348004,sell,0.020000000,6618.00000000,132.36
2021-12-01 08:41:35.44431 +0000 UTC,25348087,buy,0.004228502,6617.00000000,27.98
2021-12-01 08:41:40.133173 +0000 UTC,25348089,sell,0.020000000,6614.00000000,132.28
2021-12-01 08:41:40.133504 +0000 UTC,25348090,sell,0.364205772,6613.00000000,2408.50
2021-12-01 08:41:40.133836 +0000 UTC,25348091,sell,0.006337136,6613.00000000,41.91
2021-12-01 08:41:47.968059 +0000 UTC,25348097,sell,0.060000000,6612.00000000,396.72
2021-12-01 08:41:50.373646 +0000 UTC,25348156,sell,0.030000000,6609.00000000,198.27
2021-12-01 08:41:53.002369 +0000 UTC,25348206,sell,0.008453085,6607.00000000,55.85
2021-12-01 08:42:18.106532 +0000 UTC,25348227,sell,0.010000000,6606.00000000,66.06
2021-12-01 08:42:29.424484 +0000 UTC,25348253,sell,0.080000000,6606.00000000,528.48
2021-12-01 08:42:29.424795 +0000 UTC,25348254,sell,0.060000000,6605.00000000,396.30
2021-12-01 08:42:29.425103 +0000 UTC,25348255,sell,0.080000000,6605.00000000,528.40
2021-12-01 08:42:29.425367 +0000 UTC,25348256,sell,0.080000000,6604.00000000,528.32
2021-12-01 08:42:29.425657 +0000 UTC,25348257,sell,0.020000000,6602.00000000,132.04
2021-12-01 08:42:29.425946 +0000 UTC,25348258,sell,0.120000000,6601.00000000,792.12
2021-12-01 08:42:29.426249 +0000 UTC,25348259,sell,0.080000000,6601.00000000,528.08
2021-12-01 08:42:29.426517 +0000 UTC,25348260,sell,0.010000000,6601.00000000,66.01
2021-12-01 08:42:29.426797 +0000 UTC,25348261,sell,0.340000000,6600.00000000,2244.00
2021-12-01 08:42:29.427107 +0000 UTC,25348262,sell,0.130000000,6597.00000000,857.61
2021-12-01 08:42:29.427406 +0000 UTC,25348263,sell,0.440000000,6595.00000000,2901.80
2021-12-01 08:42:29.427704 +0000 UTC,25348264,sell,0.290000000,6595.00000000,1912.55
2021-12-01 08:42:29.428012 +0000 UTC,25348265,sell,0.040000000,6595.00000000,263.80
2021-12-01 08:42:29.428325 +0000 UTC,25348266,sell,0.050000000,6595.00000000,329.75
2021-12-01 08:42:29.42863 +0000 UTC,25348267,sell,0.070000000,6594.00000000,461.58
2021-12-01 08:42:29.428983 +0000 UTC,25348268,sell,0.040000000,6594.00000000,263.76
2021-12-01 08:42:29.42929 +0000 UTC,25348269,sell,0.250000000,6594.00000000,1648.50
2021-12-01 08:42:29.42963 +0000 UTC,25348270,sell,7.473300909,6592.00000000,49264.00
2021-12-01 08:42:30.247817 +0000 UTC,25348274,buy,0.976699091,6592.00000000,6438.40
2021-12-01 08:42:31.997898 +0000 UTC,25348276,buy,0.020000000,6592.00000000,131.84
2021-12-01 08:42:46.297748 +0000 UTC,25348283,buy,2.600000000,6592.00000000,17139.20
2021-12-01 08:43:21.724567 +0000 UTC,25348310,sell,0.130000000,6591.00000000,856.83
2021-12-01 08:44:24.72459 +0000 UTC,25348403,buy,0.099984848,6600.00000000,659.90
2021-12-01 08:44:48.20908 +0000 UTC,25348441,buy,0.012125208,6597.00000000,79.99
2021-12-01 08:44:48.209972 +0000 UTC,25348444,buy,0.012125208,6597.00000000,79.99
2021-12-01 08:45:00.503075 +0000 UTC,25348452,buy,0.024258417,6594.00000000,159.96
2021-12-01 08:45:00.503995 +0000 UTC,25348455,buy,0.024258417,6594.00000000,159.96
2021-12-01 08:45:06.519803 +0000 UTC,25348457,sell,0.010000000,6591.00000000,65.91
2021-12-01 08:45:06.520114 +0000 UTC,25348458,sell,0.380000000,6591.00000000,2504.58
2021-12-01 08:46:19.209005 +0000 UTC,25348484,buy,0.131355932,6599.00000000,866.82
2021-12-01 08:46:19.441337 +0000 UTC,25348487,buy,0.138644068,6599.00000000,914.91
2021-12-01 08:46:19.444625 +0000 UTC,25348490,buy,0.005424878,6599.00000000,35.80
2021-12-01 08:46:30.260602 +0000 UTC,25348522,buy,0.019660194,6592.00000000,129.60
2021-12-01 08:46:44.000335 +0000 UTC,25348535,buy,0.220000000,6592.00000000,1450.24
2021-12-01 08:46:46.299261 +0000 UTC,25348536,sell,0.280000000,6591.00000000,1845.48
2021-12-01 08:46:46.299579 +0000 UTC,25348537,sell,0.020000000,6591.00000000,131.82
2021-12-01 08:46:46.954177 +0000 UTC,25348545,buy,0.016930023,6590.00000000,111.57
2021-12-01 08:46:46.956697 +0000 UTC,25348548,buy,0.012132018,6590.00000000,79.95
2021-12-01 08:46:47.232542 +0000 UTC,25348554,buy,0.024261002,6590.00000000,159.88
2021-12-01 08:46:47.233356 +0000 UTC,25348557,buy,0.036391502,6590.00000000,239.82
2021-12-01 08:46:47.234102 +0000 UTC,25348560,buy,0.039347496,6590.00000000,259.30
2021-12-01 08:46:47.537341 +0000 UTC,25348562,sell,0.240000000,6589.00000000,1581.36
2021-12-01 08:46:48.505143 +0000 UTC,25348567,sell,0.010000000,6587.00000000,65.87
2021-12-01 08:46:48.505457 +0000 UTC,25348568,sell,0.430000000,6586.00000000,2831.98
2021-12-01 08:46:48.505743 +0000 UTC,25348569,sell,0.920000000,6586.00000000,6059.12
2021-12-01 08:46:48.505999 +0000 UTC,25348570,sell,0.080000000,6586.00000000,526.88
2021-12-01 08:46:49.440379 +0000 UTC,25348577,buy,0.046689304,6586.00000000,307.50
2021-12-01 08:46:49.866295 +0000 UTC,25348610,buy,0.267974491,6586.00000000,1764.88
2021-12-01 08:46:50.046611 +0000 UTC,25348612,buy,0.020000000,6586.00000000,131.72
2021-12-01 08:46:51.70652 +0000 UTC,25348613,sell,0.050000000,6585.00000000,329.25
2021-12-01 08:46:51.706828 +0000 UTC,25348614,sell,0.080000000,6585.00000000,526.80
2021-12-01 08:46:51.70709 +0000 UTC,25348615,sell,0.230000000,6584.00000000,1514.32
2021-12-01 08:46:52.449392 +0000 UTC,25348633,buy,0.048821906,6583.00000000,321.39
2021-12-01 08:46:52.719192 +0000 UTC,25348646,buy,0.024268571,6583.00000000,159.76
2021-12-01 08:46:56.048154 +0000 UTC,25348766,buy,0.010000000,6582.00000000,65.82
2021-12-01 08:47:01.25956 +0000 UTC,25348794,sell,0.020000000,6581.00000000,131.62
2021-12-01 08:47:01.259876 +0000 UTC,25348795,sell,0.230000000,6581.00000000,1513.63
2021-12-01 08:47:02.006612 +0000 UTC,25348806,buy,0.053069977,6581.00000000,349.25
2021-12-01 08:47:03.838313 +0000 UTC,25348849,sell,0.040000000,6580.00000000,263.20
2021-12-01 08:47:03.838645 +0000 UTC,25348850,sell,0.430000000,6580.00000000,2829.40
2021-12-01 08:47:16.34182 +0000 UTC,25348883,sell,0.530000000,6578.00000000,3486.34
2021-12-01 08:47:16.342154 +0000 UTC,25348884,sell,0.070000000,6578.00000000,460.46
2021-12-01 08:47:16.342427 +0000 UTC,25348885,sell,0.230000000,6578.00000000,1512.94
2021-12-01 08:47:16.342693 +0000 UTC,25348886,sell,0.430000000,6578.00000000,2828.54
2021-12-01 08:47:16.342964 +0000 UTC,25348887,sell,0.010000000,6578.00000000,65.78
2021-12-01 08:47:16.343246 +0000 UTC,25348888,sell,0.030000000,6577.00000000,197.31
2021-12-01 08:47:38.742527 +0000 UTC,25348917,buy,0.010000000,6577.00000000,65.77
2021-12-01 08:47:39.42611 +0000 UTC,25348928,sell,0.140000000,6576.00000000,920.64
2021-12-01 08:47:39.426422 +0000 UTC,25348929,sell,0.120000000,6576.00000000,789.12
2021-12-01 08:47:39.426689 +0000 UTC,25348930,sell,0.140000000,6576.00000000,920.64
2021-12-01 08:47:50.271213 +0000 UTC,25348952,sell,0.160000000,6575.00000000,1052.00
2021-12-01 08:47:56.773194 +0000 UTC,25348956,sell,0.060000000,6574.00000000,394.44
2021-12-01 08:47:56.773534 +0000 UTC,25348957,sell,0.200000000,6574.00000000,1314.80
2021-12-01 08:47:56.773813 +0000 UTC,25348958,sell,0.100000000,6574.00000000,657.40
2021-12-01 08:48:34.505507 +0000 UTC,25348979,sell,0.140000000,6572.00000000,920.08
2021-12-01 08:48:34.505852 +0000 UTC,25348980,sell,0.220000000,6571.00000000,1445.62
2021-12-01 08:49:07.234296 +0000 UTC,25349151,buy,0.009045953,6572.00000000,59.45
2021-12-01 08:49:07.23506 +0000 UTC,25349154,buy,0.036363360,6572.00000000,238.98
2021-12-01 08:49:08.018508 +0000 UTC,25349156,buy,0.010000000,6572.00000000,65.72
2021-12-01 08:49:14.767585 +0000 UTC,25349166,sell,0.010000000,6570.00000000,65.70
2021-12-01 08:49:14.768106 +0000 UTC,25349167,sell,0.030000000,6570.00000000,197.10
2021-12-01 08:49:22.944924 +0000 UTC,25349266,sell,0.140000000,6569.00000000,919.66
2021-12-01 08:49:22.945238 +0000 UTC,25349267,sell,0.020000000,6568.00000000,131.36
2021-12-01 08:49:28.034856 +0000 UTC,25349342,buy,0.054214373,6568.00000000,356.08
2021-12-01 08:49:41.758961 +0000 UTC,25349490,sell,0.020000000,6567.00000000,131.34
2021-12-01 08:51:10.946645 +0000 UTC,25349667,sell,0.010000000,6566.00000000,65.66
2021-12-01 08:51:38.836458 +0000 UTC,25349725,buy,0.020000000,6581.00000000,131.62
2021-12-01 08:51:40.338575 +0000 UTC,25349726,buy,0.300000000,6583.00000000,1974.90
2021-12-01 08:51:45.38154 +0000 UTC,25349733,buy,0.004241782,6583.00000000,27.92
2021-12-01 08:51:45.382359 +0000 UTC,25349736,buy,0.008483563,6587.00000000,55.88
2021-12-01 08:51:45.383138 +0000 UTC,25349739,buy,0.187274655,6587.00000000,1233.58
2021-12-01 08:52:01.921159 +0000 UTC,25349799,buy,0.010000000,6582.00000000,65.82
2021-12-01 08:52:02.410264 +0000 UTC,25349800,buy,0.110000000,6583.00000000,724.13
2021-12-01 08:52:49.92743 +0000 UTC,25349849,buy,0.050565681,6586.00000000,333.03
2021-12-01 08:52:49.934378 +0000 UTC,25349852,buy,0.170000000,6590.00000000,1120.30
2021-12-01 08:53:09.739721 +0000 UTC,25349853,buy,1.510000000,6584.00000000,9941.84
2021-12-01 08:55:14.442616 +0000 UTC,25349982,buy,0.010000000,6582.00000000,65.82
2021-12-01 08:55:16.634958 +0000 UTC,25349983,sell,0.020000000,6580.00000000,131.60
2021-12-01 08:55:20.123737 +0000 UTC,25349988,sell,0.010000000,6579.00000000,65.79
2021-12-01 08:55:25.304275 +0000 UTC,25349989,sell,0.050000000,6577.00000000,328.85
2021-12-01 08:55:25.304632 +0000 UTC,25349990,sell,0.030000000,6576.00000000,197.28
2021-12-01 08:55:41.022272 +0000 UTC,25350028,sell,0.040000000,6570.00000000,262.80
2021-12-01 08:55:54.162376 +0000 UTC,25350033,sell,0.010000000,6568.00000000,65.68
2021-12-01 08:55:58.117247 +0000 UTC,25350057,sell,0.400000000,6566.00000000,2626.40
2021-12-01 08:56:09.328587 +0000 UTC,25350136,sell,0.010000000,6565.00000000,65.65
2021-12-01 08:56:09.328901 +0000 UTC,25350137,sell,0.210000000,6564.00000000,1378.44
2021-12-01 08:56:09.329181 +0000 UTC,25350138,sell,0.020000000,6564.00000000,131.28
2021-12-01 08:56:09.329432 +0000 UTC,25350139,sell,0.020000000,6564.00000000,131.28
2021-12-01 08:56:17.394378 +0000 UTC,25350144,buy,0.020000000,6564.00000000,131.28
2021-12-01 08:56:21.882185 +0000 UTC,25350158,sell,0.150000000,6563.00000000,984.45
2021-12-01 08:56:21.882517 +0000 UTC,25350159,sell,0.020000000,6563.00000000,131.26
2021-12-01 08:56:21.882796 +0000 UTC,25350160,sell,0.190000000,6563.00000000,1246.97
2021-12-01 08:56:21.88307 +0000 UTC,25350161,sell,0.010000000,6562.00000000,65.62
2021-12-01 09:00:19.397277 +0000 UTC,25350499,buy,0.550000000,6572.00000000,3614.60
2021-12-01 09:00:19.397606 +0000 UTC,25350500,buy,0.050000000,6573.00000000,328.65
2021-12-01 09:00:34.304212 +0000 UTC,25350505,sell,0.030000000,6551.00000000,196.53
2021-12-01 09:00:39.414506 +0000 UTC,25350508,buy,0.012757814,6569.00000000,83.81
2021-12-01 09:00:51.651102 +0000 UTC,25350518,buy,0.420000000,6563.00000000,2756.46
2021-12-01 09:00:51.655881 +0000 UTC,25350519,buy,2.580000000,6564.00000000,16935.12
2021-12-01 09:00:52.757899 +0000 UTC,25350520,sell,0.060000000,6551.00000000,393.06
2021-12-01 09:01:10.418581 +0000 UTC,25350546,buy,0.030000000,6551.00000000,196.53
2021-12-01 09:01:10.422829 +0000 UTC,25350549,buy,0.020000000,6551.00000000,131.02
2021-12-01 09:03:17.762931 +0000 UTC,25350627,sell,0.020000000,6550.00000000,131.00
2021-12-01 09:04:08.472323 +0000 UTC,25350685,buy,0.010000000,6552.00000000,65.52
2021-12-01 09:04:08.477429 +0000 UTC,25350686,buy,0.560000000,6561.00000000,3674.16
2021-12-01 09:04:09.064831 +0000 UTC,25350689,buy,0.950000000,6561.00000000,6232.95
2021-12-01 09:04:37.785239 +0000 UTC,25350740,buy,0.920000000,6561.00000000,6036.12
2021-12-01 09:04:38.802616 +0000 UTC,25350743,buy,1.770000000,6561.00000000,11612.97
2021-12-01 09:04:39.808501 +0000 UTC,25350746,buy,2.840000000,6561.00000000,18633.24
2021-12-01 09:04:40.223435 +0000 UTC,25350749,sell,0.030000000,6550.00000000,196.50
2021-12-01 09:05:05.270103 +0000 UTC,25350779,buy,0.035813458,6561.00000000,234.97
2021-12-01 09:05:05.276909 +0000 UTC,25350782,buy,0.153387303,6563.00000000,1006.68
2021-12-01 09:05:05.283429 +0000 UTC,25350785,buy,0.030000000,6570.00000000,197.10
2021-12-01 09:05:08.078052 +0000 UTC,25350788,buy,1.434186542,6561.00000000,9409.70
2021-12-01 09:05:08.082764 +0000 UTC,25350791,buy,0.070000000,6570.00000000,459.90
2021-12-01 09:05:08.087915 +0000 UTC,25350792,buy,0.590000000,6571.00000000,3876.89
2021-12-01 09:07:14.439479 +0000 UTC,25350972,buy,0.570000000,6561.00000000,3739.77
2021-12-01 09:07:33.959085 +0000 UTC,25350976,buy,0.070000000,6561.00000000,459.27
2021-12-01 09:08:13.867086 +0000 UTC,25350983,buy,0.640000000,6561.00000000,4199.04
2021-12-01 09:08:14.949833 +0000 UTC,25350986,buy,1.160000000,6561.00000000,7610.76
2021-12-01 09:08:16.171731 +0000 UTC,25350989,buy,0.980000000,6561.00000000,6429.78
2021-12-01 09:08:17.195141 +0000 UTC,25350998,buy,1.310000000,6561.00000000,8594.91
2021-12-01 09:08:18.23748 +0000 UTC,25351004,buy,0.810000000,6561.00000000,5314.41
2021-12-01 09:10:08.592344 +0000 UTC,25351030,buy,0.002820864,6576.00000000,18.55
2021-12-01 09:10:56.86643 +0000 UTC,25351062,buy,0.010000000,6591.00000000,65.91
2021-12-01 09:11:02.374205 +0000 UTC,25351064,buy,0.140000000,6591.00000000,922.74
2021-12-01 09:11:20.106465 +0000 UTC,25351065,sell,0.010000000,6568.00000000,65.68
2021-12-01 09:12:33.21858 +0000 UTC,25351072,buy,0.310000000,6590.00000000,2042.90
2021-12-01 09:12:41.0309 +0000 UTC,25351073,buy,0.230000000,6589.00000000,1515.47
2021-12-01 09:12:41.031224 +0000 UTC,25351074,buy,1.210000000,6590.00000000,7973.90
2021-12-01 09:12:41.031575 +0000 UTC,25351075,buy,0.060000000,6592.00000000,395.52
2021-12-01 09:13:21.871758 +0000 UTC,25351082,sell,0.030000000,6593.00000000,197.79
2021-12-01 09:14:06.431057 +0000 UTC,25351094,sell,0.470555086,6592.00000000,3101.90
2021-12-01 09:14:06.439907 +0000 UTC,25351097,sell,0.029444914,6592.00000000,194.10
2021-12-01 09:20:14.828232 +0000 UTC,25351180,sell,0.010000000,6590.00000000,65.90
2021-12-01 09:24:04.954858 +0000 UTC,25351203,buy,0.010000000,6604.00000000,66.04
2021-12-01 09:24:50.864514 +0000 UTC,25351209,sell,0.150000000,6588.00000000,988.20
2021-12-01 09:24:50.864884 +0000 UTC,25351210,sell,0.020000000,6585.00000000,131.70
2021-12-01 09:24:50.865666 +0000 UTC,25351213,sell,0.020000000,6583.00000000,131.66
2021-12-01 09:24:50.865984 +0000 UTC,25351214,sell,0.010000000,6582.00000000,65.82
2021-12-01 09:25:31.979406 +0000 UTC,25351237,buy,0.020000000,6582.00000000,131.64
2021-12-01 09:25:43.256669 +0000 UTC,25351239,buy,0.002813734,6582.00000000,18.52
2021-12-01 09:25:43.258574 +0000 UTC,25351242,buy,0.002813734,6582.00000000,18.52
2021-12-01 09:25:43.259666 +0000 UTC,25351245,buy,0.054372532,6582.00000000,357.88
2021-12-01 09:26:33.558056 +0000 UTC,25351248,sell,0.100000000,6580.00000000,658.00
2021-12-01 09:28:21.112838 +0000 UTC,25351253,sell,0.010000000,6580.00000000,65.80
2021-12-01 09:28:21.548977 +0000 UTC,25351254,buy,0.052820864,6581.00000000,347.61
2021-12-01 09:28:21.553864 +0000 UTC,25351257,buy,0.150000000,6582.00000000,987.30
2021-12-01 09:28:21.559331 +0000 UTC,25351258,buy,0.030000000,6598.00000000,197.94
2021-12-01 09:29:31.823064 +0000 UTC,25351260,buy,0.010000000,6589.00000000,65.89
2021-12-01 09:29:31.823403 +0000 UTC,25351261,buy,0.010000000,6598.00000000,65.98
2021-12-01 09:29:31.823707 +0000 UTC,25351262,buy,0.110000000,6604.00000000,726.44
2021-12-01 09:29:57.251093 +0000 UTC,25351265,sell,0.010000000,6580.00000000,65.80
2021-12-01 09:32:23.401835 +0000 UTC,25351355,sell,0.010000000,6580.00000000,65.80
2021-12-01 09:33:53.849176 +0000 UTC,25351373,buy,0.002023376,6588.00000000,13.33
2021-12-01 09:33:53.850001 +0000 UTC,25351376,buy,0.002815726,6588.00000000,18.55
2021-12-01 09:33:53.850896 +0000 UTC,25351379,buy,0.015160898,6588.00000000,99.88
2021-12-01 09:33:53.851798 +0000 UTC,25351382,buy,0.090000000,6600.00000000,594.00
2021-12-01 09:34:17.384488 +0000 UTC,25351386,buy,0.060000000,6600.00000000,396.00
2021-12-01 09:38:00.283931 +0000 UTC,25351408,buy,0.780000000,6600.00000000,5148.00
2021-12-01 09:38:43.243596 +0000 UTC,25351416,buy,0.070000000,6600.00000000,462.00
2021-12-01 09:38:43.247877 +0000 UTC,25351417,buy,0.040000000,6603.00000000,264.12
2021-12-01 09:38:43.253604 +0000 UTC,25351418,buy,0.040000000,6604.00000000,264.16
2021-12-01 09:38:43.258794 +0000 UTC,25351421,buy,0.010000000,6613.00000000,66.13
2021-12-01 09:38:43.263161 +0000 UTC,25351422,buy,0.090000000,6614.00000000,595.26
2021-12-01 09:40:06.062949 +0000 UTC,25351452,buy,0.100000000,6614.00000000,661.40
2021-12-01 09:41:30.907268 +0000 UTC,25351476,buy,0.110000000,6614.00000000,727.54
2021-12-01 09:45:37.982177 +0000 UTC,25351601,buy,0.040000000,6613.00000000,264.52
2021-12-01 09:47:54.442744 +0000 UTC,25351639,sell,0.010000000,6610.00000000,66.10
2021-12-01 09:52:30.65817 +0000 UTC,25351775,sell,0.020000000,6606.00000000,132.12
2021-12-01 09:52:30.658504 +0000 UTC,25351776,sell,0.030000000,6605.00000000,198.15
2021-12-01 09:55:37.216597 +0000 UTC,25351788,buy,0.070000000,6604.00000000,462.28
2021-12-01 09:55:37.222372 +0000 UTC,25351789,buy,0.180000000,6613.00000000,1190.34
2021-12-01 09:55:44.218858 +0000 UTC,25351790,buy,0.930000000,6613.00000000,6150.09
2021-12-01 09:55:45.226938 +0000 UTC,25351791,buy,1.260000000,6613.00000000,8332.38
2021-12-01 09:55:46.269734 +0000 UTC,25351792,buy,2.960000000,6613.00000000,19574.48
2021-12-01 09:55:46.274539 +0000 UTC,25351793,buy,0.016934801,6614.00000000,112.01
2021-12-01 09:55:46.280538 +0000 UTC,25351796,buy,0.020000000,6619.00000000,132.38
2021-12-01 09:56:24.228505 +0000 UTC,25351853,buy,0.083065199,6619.00000000,549.81
2021-12-01 09:56:24.23378 +0000 UTC,25351856,buy,0.010000000,6621.00000000,66.21
2021-12-01 09:56:24.240033 +0000 UTC,25351857,buy,0.170000000,6624.00000000,1126.08
2021-12-01 10:00:33.752513 +0000 UTC,25352020,buy,0.120000000,6634.00000000,796.08
2021-12-01 10:00:33.752849 +0000 UTC,25352021,buy,0.020000000,6634.00000000,132.68
2021-12-01 10:00:33.906537 +0000 UTC,25352022,sell,0.360000000,6635.00000000,2388.60
2021-12-01 10:01:15.806905 +0000 UTC,25352025,sell,0.090000000,6635.00000000,597.15
2021-12-01 10:01:56.765404 +0000 UTC,25352028,sell,0.150000000,6644.00000000,996.60
2021-12-01 10:01:56.770429 +0000 UTC,25352029,sell,0.530000000,6635.00000000,3516.55
2021-12-01 10:04:33.982467 +0000 UTC,25352089,sell,0.020000000,6636.00000000,132.72
2021-12-01 10:05:43.021072 +0000 UTC,25352129,buy,0.070000000,6665.00000000,466.55
2021-12-01 10:06:28.187118 +0000 UTC,25352163,buy,0.070000000,6662.00000000,466.34
2021-12-01 10:08:01.9969 +0000 UTC,25352187,buy,0.030000000,6622.00000000,198.66
2021-12-01 10:08:24.944831 +0000 UTC,25352189,buy,0.110000000,6622.00000000,728.42
2021-12-01 10:08:25.242828 +0000 UTC,25352194,sell,0.420000000,6650.00000000,2793.00
2021-12-01 10:08:25.278663 +0000 UTC,25352197,sell,0.010000000,6620.00000000,66.20
2021-12-01 10:08:25.283325 +0000 UTC,25352198,sell,0.010000000,6619.00000000,66.19
2021-12-01 10:08:25.289388 +0000 UTC,25352199,sell,0.720000000,6607.00000000,4757.04
2021-12-01 10:10:45.763984 +0000 UTC,25352232,sell,0.002114165,6617.00000000,13.99
2021-12-01 10:10:45.76524 +0000 UTC,25352235,sell,0.087885835,6617.00000000,581.54
2021-12-01 10:11:37.433743 +0000 UTC,25352267,buy,0.010000000,6616.00000000,66.16
2021-12-01 10:13:48.744873 +0000 UTC,25352332,sell,0.070000000,6624.00000000,463.68
2021-12-01 10:13:48.871459 +0000 UTC,25352333,sell,0.036240638,6609.00000000,239.51
2021-12-01 10:13:48.872306 +0000 UTC,25352336,sell,0.053759362,6609.00000000,355.30
2021-12-01 10:13:48.872983 +0000 UTC,25352339,sell,0.010000000,6604.00000000,66.04
2021-12-01 10:13:49.259918 +0000 UTC,25352340,sell,0.010000000,6604.00000000,66.04
2021-12-01 10:13:49.265772 +0000 UTC,25352341,sell,0.240000000,6598.00000000,1583.52
2021-12-01 10:15:04.458439 +0000 UTC,25352356,sell,0.300000000,6625.00000000,1987.50
2021-12-01 10:16:19.332057 +0000 UTC,25352370,sell,0.010000000,6600.00000000,66.00
2021-12-01 10:21:06.685484 +0000 UTC,25352453,sell,0.012091898,6606.00000000,79.88
2021-12-01 10:21:45.306329 +0000 UTC,25352457,buy,0.017908102,6606.00000000,118.30
2021-12-01 10:22:44.816254 +0000 UTC,25352466,sell,0.070000000,6611.00000000,462.77
2021-12-01 10:22:51.156609 +0000 UTC,25352470,buy,1.000000000,6600.00000000,6600.00
2021-12-01 10:23:11.483907 +0000 UTC,25352492,buy,0.020000000,6600.00000000,132.00
2021-12-01 10:26:32.42022 +0000 UTC,25352509,sell,0.010000000,6598.00000000,65.98
2021-12-01 10:26:45.777983 +0000 UTC,25352538,buy,0.080000000,6598.00000000,527.84
2021-12-01 10:26:46.001544 +0000 UTC,25352556,buy,0.010000000,6598.00000000,65.98
2021-12-01 10:27:32.225679 +0000 UTC,25352565,sell,1.000000000,6597.00000000,6597.00
2021-12-01 10:28:05.296286 +0000 UTC,25352570,buy,0.050000000,6598.00000000,329.90
2021-12-01 10:33:47.042407 +0000 UTC,25352691,sell,0.090000000,6597.00000000,593.73
2021-12-01 10:33:57.004258 +0000 UTC,25352727,sell,0.980000000,6597.00000000,6465.06
2021-12-01 10:33:57.009931 +0000 UTC,25352728,sell,0.060000000,6595.00000000,395.70
2021-12-01 10:33:57.014699 +0000 UTC,25352729,sell,0.050000000,6594.00000000,329.70
2021-12-01 10:33:57.020636 +0000 UTC,25352730,sell,0.030000000,6586.00000000,197.58
2021-12-01 10:33:57.025526 +0000 UTC,25352731,sell,0.040000000,6585.00000000,263.40
2021-12-01 10:33:57.03071 +0000 UTC,25352732,sell,0.010000000,6583.00000000,65.83
2021-12-01 10:33:57.036897 +0000 UTC,25352735,sell,0.060000000,6578.00000000,394.68
2021-12-01 10:35:55.444272 +0000 UTC,25352791,sell,0.230000000,6600.00000000,1518.00
2021-12-01 10:36:09.944815 +0000 UTC,25352792,sell,0.140000000,6600.00000000,924.00
2021-12-01 10:36:22.132268 +0000 UTC,25352800,sell,0.020000000,6578.00000000,131.56
2021-12-01 10:36:22.13263 +0000 UTC,25352801,sell,0.010000000,6577.00000000,65.77
2021-12-01 10:36:22.217582 +0000 UTC,25352808,buy,0.036372454,6577.00000000,239.22
2021-12-01 10:36:22.432082 +0000 UTC,25352814,buy,0.020000000,6577.00000000,131.54
2021-12-01 10:36:22.4801 +0000 UTC,25352817,buy,0.100000000,6577.00000000,657.70
2021-12-01 10:36:58.68125 +0000 UTC,25352867,buy,0.063627546,6577.00000000,418.48
2021-12-01 10:43:34.722822 +0000 UTC,25353026,sell,1.430000000,6580.00000000,9409.40
2021-12-01 10:47:59.992013 +0000 UTC,25353158,buy,0.010000000,6602.00000000,66.02
2021-12-01 10:48:15.212493 +0000 UTC,25353179,sell,0.010000000,6603.00000000,66.03
2021-12-01 10:48:51.497584 +0000 UTC,25353200,buy,0.010000000,6605.00000000,66.05
2021-12-01 10:48:51.498006 +0000 UTC,25353201,buy,0.010000000,6605.00000000,66.05
2021-12-01 10:48:51.506408 +0000 UTC,25353204,buy,0.560000000,6608.00000000,3700.48
2021-12-01 10:49:52.594725 +0000 UTC,25353219,sell,0.310000000,6590.00000000,2042.90
2021-12-01 10:52:58.232485 +0000 UTC,25353262,sell,0.010000000,6571.00000000,65.71
2021-12-01 10:57:12.27036 +0000 UTC,25353288,buy,0.030000000,6610.00000000,198.30
2021-12-01 10:57:39.808736 +0000 UTC,25353289,buy,0.150000000,6610.00000000,991.50
2021-12-01 10:59:24.345143 +0000 UTC,25353300,buy,0.110000000,6625.00000000,728.75
2021-12-01 11:01:52.964612 +0000 UTC,25353337,sell,0.490000000,6584.00000000,3226.16
2021-12-01 11:02:28.813938 +0000 UTC,25353354,buy,0.130000000,6614.00000000,859.82
2021-12-01 11:03:40.325244 +0000 UTC,25353363,buy,0.030000000,6614.00000000,198.42
2021-12-01 11:07:43.928948 +0000 UTC,25353372,buy,0.070000000,6617.00000000,463.19
2021-12-01 11:07:43.929278 +0000 UTC,25353373,buy,0.070000000,6617.00000000,463.19
2021-12-01 11:15:42.228811 +0000 UTC,25353430,buy,0.150000000,6606.00000000,990.90
2021-12-01 11:16:42.403743 +0000 UTC,25353459,sell,0.040000000,6595.00000000,263.80
2021-12-01 11:22:13.982632 +0000 UTC,25353508,sell,0.010000000,6580.00000000,65.80
2021-12-01 11:22:18.743902 +0000 UTC,25353509,buy,0.110000000,6563.00000000,721.93
2021-12-01 11:22:18.749067 +0000 UTC,25353510,buy,0.360000000,6579.00000000,2368.44
2021-12-01 11:26:51.279484 +0000 UTC,25353576,buy,0.030000000,6572.00000000,197.16
2021-12-01 11:29:05.855637 +0000 UTC,25353586,buy,0.010000000,6574.00000000,65.74
2021-12-01 11:30:17.651143 +0000 UTC,25353593,buy,0.370000000,6569.00000000,2430.53
2021-12-01 11:35:11.739949 +0000 UTC,25353652,sell,0.524521341,6560.00000000,3440.86
2021-12-01 11:35:57.716321 +0000 UTC,25353681,sell,0.002129019,6571.00000000,13.99
2021-12-01 11:35:57.717138 +0000 UTC,25353684,sell,0.410000000,6569.00000000,2693.29
2021-12-01 11:35:57.717428 +0000 UTC,25353685,sell,4.390000000,6569.00000000,28837.91
2021-12-01 11:35:57.717685 +0000 UTC,25353686,sell,1.210000000,6560.00000000,7937.60
2021-12-01 11:35:57.718031 +0000 UTC,25353687,sell,0.002129019,6557.00000000,13.96
2021-12-01 11:35:57.718862 +0000 UTC,25353690,sell,3.865741962,6557.00000000,25347.67
2021-12-01 11:36:31.175137 +0000 UTC,25353699,buy,0.660000000,6579.00000000,4342.14
2021-12-01 11:36:32.208372 +0000 UTC,25353700,buy,0.780000000,6579.00000000,5131.62
2021-12-01 11:37:25.068943 +0000 UTC,25353709,sell,0.009209522,6553.00000000,60.35
2021-12-01 11:37:25.070134 +0000 UTC,25353713,sell,0.002842973,6553.00000000,18.63
2021-12-01 11:37:25.070966 +0000 UTC,25353716,sell,0.005685945,6553.00000000,37.26
2021-12-01 11:37:25.071789 +0000 UTC,25353719,sell,0.002261560,6553.00000000,14.82
2021-12-01 11:37:25.073086 +0000 UTC,25353722,sell,0.000582939,6553.00000000,3.82
2021-12-01 11:37:25.074149 +0000 UTC,25353725,sell,0.005685945,6553.00000000,37.26
2021-12-01 11:37:25.211329 +0000 UTC,25353728,sell,0.008529997,6553.00000000,55.90
2021-12-01 11:37:25.491403 +0000 UTC,25353734,buy,0.002843332,6556.00000000,18.64
2021-12-01 11:37:25.4922 +0000 UTC,25353737,buy,2.997156668,6556.00000000,19649.36
2021-12-01 11:37:54.230267 +0000 UTC,25353744,sell,0.095201119,6553.00000000,623.86
2021-12-01 11:37:54.520223 +0000 UTC,25353745,buy,0.604798881,6551.00000000,3962.03
2021-12-01 11:37:54.526171 +0000 UTC,25353746,buy,0.900000000,6572.00000000,5914.80
2021-12-01 11:38:38.402664 +0000 UTC,25353751,sell,1.100000000,6550.00000000,7205.00
2021-12-01 11:39:32.666864 +0000 UTC,25353754,sell,0.012152145,6570.00000000,79.84
2021-12-01 11:40:43.974549 +0000 UTC,25353776,sell,0.477847855,6570.00000000,3139.47
2021-12-01 11:41:37.979937 +0000 UTC,25353777,sell,0.150000000,6562.00000000,984.30
2021-12-01 11:42:18.282835 +0000 UTC,25353786,buy,0.420000000,6555.00000000,2753.10
2021-12-01 11:42:18.288558 +0000 UTC,25353787,buy,0.480000000,6572.00000000,3154.56
2021-12-01 11:44:14.254032 +0000 UTC,25353803,buy,1.090000000,6559.00000000,7149.31
2021-12-01 11:44:14.259265 +0000 UTC,25353804,buy,0.110000000,6560.00000000,721.60
2021-12-01 11:44:14.264528 +0000 UTC,25353805,buy,0.140000000,6568.00000000,919.52
2021-12-01 11:45:47.743269 +0000 UTC,25353825,buy,0.130000000,6569.00000000,853.97
2021-12-01 11:46:03.404179 +0000 UTC,25353836,sell,0.380000000,6572.00000000,2497.36
2021-12-01 11:49:11.139039 +0000 UTC,25353958,sell,0.040000000,6559.00000000,262.36
2021-12-01 11:49:13.985373 +0000 UTC,25353960,buy,0.020000000,6557.00000000,131.14
2021-12-01 11:52:19.675762 +0000 UTC,25353976,sell,0.040000000,6551.00000000,262.04
2021-12-01 11:52:19.676083 +0000 UTC,25353977,sell,0.380000000,6550.00000000,2489.00
2021-12-01 11:52:34.527607 +0000 UTC,25353987,sell,0.760000000,6542.00000000,4971.92
2021-12-01 11:52:35.313701 +0000 UTC,25353988,sell,0.610000000,6536.00000000,3986.96
2021-12-01 11:52:48.650149 +0000 UTC,25353998,buy,0.750000000,6534.00000000,4900.50
2021-12-01 11:52:48.675813 +0000 UTC,25353999,buy,0.640000000,6534.00000000,4181.76
2021-12-01 11:52:48.676099 +0000 UTC,25354000,buy,0.120000000,6534.00000000,784.08
2021-12-01 11:52:49.102554 +0000 UTC,25354001,buy,0.760000000,6532.00000000,4964.32
2021-12-01 11:52:49.123685 +0000 UTC,25354002,buy,0.760000000,6533.00000000,4965.08
2021-12-01 11:52:49.226679 +0000 UTC,25354003,buy,0.320000000,6533.00000000,2090.56
2021-12-01 11:52:49.226963 +0000 UTC,25354004,buy,0.020000000,6533.00000000,130.66
2021-12-01 11:53:35.132391 +0000 UTC,25354015,sell,0.010000000,6515.00000000,65.15
2021-12-01 11:54:24.523248 +0000 UTC,25354024,sell,0.040000000,6523.00000000,260.92
2021-12-01 11:59:28.604383 +0000 UTC,25354073,sell,0.240000000,6548.00000000,1571.52
2021-12-01 11:59:52.878972 +0000 UTC,25354074,sell,0.150000000,6547.00000000,982.05
2021-12-01 12:06:26.969442 +0000 UTC,25354114,buy,0.090000000,6550.00000000,589.50
2021-12-01 12:08:55.996575 +0000 UTC,25354120,buy,0.030000000,6562.00000000,196.86
2021-12-01 12:09:13.994905 +0000 UTC,25354122,buy,0.040000000,6562.00000000,262.48
2021-12-01 12:10:53.475952 +0000 UTC,25354133,buy,0.270000000,6562.00000000,1771.74
