2022-03-10 04:14:04.097257 -0500 EST m=+0.488122437,53590.00000000,0.14300000
2022-03-10 04:16:30.531717 -0500 EST m=+0.435467260,53640.00000000,0.14300000
2022-03-10 04:40:03.324448 -0500 EST m=+0.000472688,53660.00000000,0.05000000
2022-03-10 04:40:03.324448 -0500 EST m=+0.000472688,53680.00000000,0.48100000
2022-03-10 04:40:03.324448 -0500 EST m=+0.000472688,53690.00000000,0.30000000
2022-03-10 04:40:03.324448 -0500 EST m=+0.000472688,53700.00000000,0.30000000
2022-03-10 04:40:03.324448 -0500 EST m=+0.000472688,53760.00000000,0.14600000
2022-03-10 04:40:03.324448 -0500 EST m=+0.000472688,53790.00000000,1.85900000
2022-03-10 04:40:03.324448 -0500 EST m=+0.000472688,53820.00000000,0.27800000
2022-03-10 04:40:03.324448 -0500 EST m=+0.000472688,53840.00000000,0.03300000
2022-03-10 04:40:03.324448 -0500 EST m=+0.000472688,53850.00000000,0.04633300
2022-03-10 04:40:03.324448 -0500 EST m=+0.000472688,53870.00000000,0.10680720
2022-03-10 04:40:03.324448 -0500 EST m=+0.000472688,53890.00000000,1.67300000
2022-03-10 04:40:03.324448 -0500 EST m=+0.000472688,53900.00000000,0.06300000
2022-03-10 04:40:03.324448 -0500 EST m=+0.000472688,53920.00000000,0.26636560
2022-03-10 04:40:03.324448 -0500 EST m=+0.000472688,53930.00000000,0.02029500
2022-03-10 04:40:03.324448 -0500 EST m=+0.000472688,53940.00000000,0.74123200
2022-03-10 04:40:03.324448 -0500 EST m=+0.000472688,53950.00000000,1.48277760
2022-03-10 04:40:03.324448 -0500 EST m=+0.000472688,53970.00000000,0.11128080
2022-03-10 04:40:03.324448 -0500 EST m=+0.000472688,53980.00000000,0.86548860
2022-03-10 04:40:03.324448 -0500 EST m=+0.000472688,54010.00000000,0.73953200
2022-03-10 04:40:03.324448 -0500 EST m=+0.000472688,54020.00000000,0.74037210
2022-03-10 04:40:03.324448 -0500 EST m=+0.000472688,54030.00000000,0.04790480
2022-03-10 04:40:03.324448 -0500 EST m=+0.000472688,54040.00000000,0.73969800
2022-03-10 04:40:03.324448 -0500 EST m=+0.000472688,54070.00000000,0.73975610
2022-03-10 04:40:03.324448 -0500 EST m=+0.000472688,54090.00000000,0.03900000
2022-03-10 04:40:03.324448 -0500 EST m=+0.000472688,54110.00000000,0.73885650
2022-03-10 04:40:03.324448 -0500 EST m=+0.000472688,54150.00000000,0.73822060
2022-03-10 04:40:03.324448 -0500 EST m=+0.000472688,54170.00000000,0.73773270
2022-03-10 04:40:03.324448 -0500 EST m=+0.000472688,54220.00000000,0.02985900
2022-03-10 04:40:03.324448 -0500 EST m=+0.000472688,54260.00000000,0.92152410
2022-03-10 04:40:03.324448 -0500 EST m=+0.000472688,54290.00000000,0.73659300
2022-03-10 04:40:03.324448 -0500 EST m=+0.000472688,54300.00000000,0.92081600
2022-03-10 04:40:03.324448 -0500 EST m=+0.000472688,54380.00000000,0.73548000
2022-03-10 04:40:03.324448 -0500 EST m=+0.000472688,54500.00000000,0.05224440
2022-03-10 04:40:03.324448 -0500 EST m=+0.000472688,54530.00000000,0.73343100
2022-03-10 04:40:03.324448 -0500 EST m=+0.000472688,54630.00000000,0.73213140
2022-03-10 04:40:03.324448 -0500 EST m=+0.000472688,54640.00000000,0.73187840
2022-03-10 04:40:03.324448 -0500 EST m=+0.000472688,54680.00000000,0.77251650
2022-03-10 04:40:03.324448 -0500 EST m=+0.000472688,54770.00000000,0.05142980
2022-03-10 04:40:03.324448 -0500 EST m=+0.000472688,54830.00000000,0.72958990
2022-03-10 04:40:03.324448 -0500 EST m=+0.000472688,55370.00000000,0.05231120
