2021-12-01 01:52:17.673132 +0000 UTC,25338088,buy,0.00500000,80000.00000000,400.00
2021-12-01 01:53:02.423658 +0000 UTC,25338120,sell,0.00013900,80140.00000000,11.14
2021-12-01 01:53:02.45695 +0000 UTC,25338123,buy,0.00100000,80120.00000000,80.12
2021-12-01 01:53:34.807478 +0000 UTC,25338134,buy,0.01200000,80130.00000000,961.56
2021-12-01 01:53:52.662178 +0000 UTC,25338137,sell,0.00100000,79980.00000000,79.98
2021-12-01 01:53:52.662503 +0000 UTC,25338138,sell,0.00300000,79960.00000000,239.88
2021-12-01 01:53:52.662801 +0000 UTC,25338139,sell,0.00159131,79950.00000000,127.23
2021-12-01 01:53:52.89122 +0000 UTC,25338142,buy,0.00440869,79940.00000000,352.43
2021-12-01 01:54:30.628656 +0000 UTC,25338149,buy,0.00600000,80110.00000000,480.66
2021-12-01 01:56:36.713085 +0000 UTC,25338166,sell,0.00082170,80090.00000000,65.81
2021-12-01 01:56:36.714214 +0000 UTC,25338169,sell,0.00739755,80090.00000000,592.47
2021-12-01 01:56:37.394652 +0000 UTC,25338170,buy,0.00200000,80100.00000000,160.20
2021-12-01 01:58:17.698032 +0000 UTC,25338173,sell,0.01100000,80140.00000000,881.54
2021-12-01 01:58:18.359521 +0000 UTC,25338176,sell,0.00077860,80140.00000000,62.40
2021-12-01 01:58:18.361276 +0000 UTC,25338179,sell,0.00017580,80140.00000000,14.09
2021-12-01 01:58:18.427285 +0000 UTC,25338184,buy,0.00105480,80140.00000000,84.53
2021-12-01 01:58:47.89616 +0000 UTC,25338185,sell,0.00278075,80090.00000000,222.72
2021-12-01 01:58:47.89653 +0000 UTC,25338186,sell,0.00017580,80090.00000000,14.08
2021-12-01 02:03:26.695179 +0000 UTC,25338199,buy,0.00400000,80100.00000000,320.40
2021-12-01 02:06:47.876795 +0000 UTC,25338224,buy,0.00200000,80120.00000000,160.24
2021-12-01 02:07:32.286817 +0000 UTC,25338231,sell,0.00045130,79840.00000000,36.03
2021-12-01 02:07:50.502766 +0000 UTC,25338234,sell,0.00171858,79810.00000000,137.16
2021-12-01 02:08:03.790354 +0000 UTC,25338239,buy,0.00600000,79970.00000000,479.82
2021-12-01 02:08:11.636207 +0000 UTC,25338240,sell,0.00087900,79860.00000000,70.20
2021-12-01 02:08:11.63798 +0000 UTC,25338243,sell,0.00300000,79800.00000000,239.40
2021-12-01 02:08:11.638352 +0000 UTC,25338244,sell,0.00181280,79790.00000000,144.64
2021-12-01 02:08:11.993044 +0000 UTC,25338247,buy,0.01000000,79780.00000000,797.80
2021-12-01 02:09:35.708609 +0000 UTC,25338251,buy,0.00200000,79980.00000000,159.96
2021-12-01 02:10:18.573037 +0000 UTC,25338252,buy,0.00100000,79920.00000000,79.92
2021-12-01 02:10:37.126376 +0000 UTC,25338257,sell,0.00069180,79840.00000000,55.23
2021-12-01 02:11:07.748159 +0000 UTC,25338263,buy,0.00028516,79920.00000000,22.79
2021-12-01 02:11:16.89007 +0000 UTC,25338272,buy,0.00049410,79900.00000000,39.48
2021-12-01 02:11:22.380851 +0000 UTC,25338284,buy,0.04000000,79720.00000000,3188.80
2021-12-01 02:11:55.68089 +0000 UTC,25338295,buy,0.02600000,79810.00000000,2075.06
2021-12-01 02:11:56.192181 +0000 UTC,25338301,buy,0.02000000,79810.00000000,1596.20
2021-12-01 02:11:57.402919 +0000 UTC,25338307,buy,0.01400000,79810.00000000,1117.34
2021-12-01 02:12:20.500346 +0000 UTC,25338312,buy,0.00100000,79830.00000000,79.83
2021-12-01 02:12:24.285552 +0000 UTC,25338313,sell,0.00500000,79820.00000000,399.10
2021-12-01 02:12:35.6492 +0000 UTC,25338314,buy,0.02500000,79800.00000000,1995.00
2021-12-01 02:12:48.416385 +0000 UTC,25338319,buy,0.01388935,79800.00000000,1108.37
2021-12-01 02:13:05.618993 +0000 UTC,25338345,buy,0.01300000,79830.00000000,1037.79
2021-12-01 02:13:05.619724 +0000 UTC,25338348,buy,0.13149600,79840.00000000,10498.64
2021-12-01 02:13:05.660984 +0000 UTC,25338364,sell,0.00100000,79780.00000000,79.78
2021-12-01 02:13:05.683895 +0000 UTC,25338367,buy,0.00044860,79760.00000000,35.78
2021-12-01 02:14:07.750044 +0000 UTC,25338396,sell,0.01200000,79870.00000000,958.44
2021-12-01 02:14:14.178406 +0000 UTC,25338399,sell,0.00002750,79870.00000000,2.20
2021-12-01 02:14:58.732824 +0000 UTC,25338438,buy,0.01100000,79810.00000000,877.91
2021-12-01 02:14:58.733144 +0000 UTC,25338439,buy,0.01400000,79810.00000000,1117.34
2021-12-01 02:15:29.074239 +0000 UTC,25338446,buy,0.00100000,79870.00000000,79.87
2021-12-01 02:17:05.79536 +0000 UTC,25338452,buy,0.00081920,79880.00000000,65.44
2021-12-01 02:17:34.129323 +0000 UTC,25338458,sell,0.00018080,79890.00000000,14.44
2021-12-01 02:19:03.562044 +0000 UTC,25338467,buy,0.00113419,79810.00000000,90.52
2021-12-01 02:22:13.573376 +0000 UTC,25338477,buy,0.00100000,79810.00000000,79.81
2021-12-01 02:22:57.414341 +0000 UTC,25338484,buy,0.00400000,79830.00000000,319.32
2021-12-01 02:23:10.052654 +0000 UTC,25338485,sell,0.00200000,79830.00000000,159.66
2021-12-01 02:23:23.720635 +0000 UTC,25338488,sell,0.00081840,79810.00000000,65.32
2021-12-01 02:23:48.74682 +0000 UTC,25338490,sell,0.00418160,79810.00000000,333.74
2021-12-01 02:23:48.747106 +0000 UTC,25338491,sell,0.00081840,79810.00000000,65.31
2021-12-01 02:23:49.524453 +0000 UTC,25338492,sell,0.00018160,79810.00000000,14.50
2021-12-01 02:25:03.931738 +0000 UTC,25338496,buy,0.00100000,79810.00000000,79.81
2021-12-01 02:25:03.946369 +0000 UTC,25338498,sell,0.00100000,79710.00000000,79.71
2021-12-01 02:25:03.947106 +0000 UTC,25338501,sell,0.00075562,79690.00000000,60.22
2021-12-01 02:25:17.181299 +0000 UTC,25338511,sell,0.00967010,79740.00000000,771.09
2021-12-01 02:25:17.206633 +0000 UTC,25338514,buy,0.01000000,79690.00000000,796.90
2021-12-01 02:27:35.585292 +0000 UTC,25338591,buy,0.06200000,79840.00000000,4950.08
2021-12-01 02:27:50.21209 +0000 UTC,25338600,buy,0.00339379,79840.00000000,270.96
2021-12-01 02:28:47.420078 +0000 UTC,25338611,buy,0.00700000,79810.00000000,558.67
2021-12-01 02:30:16.421906 +0000 UTC,25338685,sell,0.01127600,79810.00000000,899.94
2021-12-01 02:30:27.582462 +0000 UTC,25338690,buy,0.02072400,79800.00000000,1653.78
2021-12-01 02:30:27.668154 +0000 UTC,25338691,sell,0.01252607,79830.00000000,999.96
2021-12-01 02:30:27.669896 +0000 UTC,25338694,sell,0.00847393,79830.00000000,676.47
2021-12-01 02:30:58.558768 +0000 UTC,25338747,buy,0.01010773,79920.00000000,807.81
2021-12-01 02:31:18.225618 +0000 UTC,25338773,buy,0.01500000,79850.00000000,1197.75
2021-12-01 02:31:31.906597 +0000 UTC,25338787,sell,0.00100000,79960.00000000,79.96
2021-12-01 02:31:31.913682 +0000 UTC,25338790,buy,0.00067470,79950.00000000,53.94
2021-12-01 02:32:30.184744 +0000 UTC,25338865,sell,0.01000000,79800.00000000,798.00
2021-12-01 02:33:46.503757 +0000 UTC,25338867,buy,0.00035060,79810.00000000,27.98
2021-12-01 02:33:46.505588 +0000 UTC,25338870,buy,0.00064940,79910.00000000,51.90
2021-12-01 02:34:35.729953 +0000 UTC,25338876,sell,0.00652200,79690.00000000,519.74
2021-12-01 02:34:44.820689 +0000 UTC,25338877,buy,0.00600000,79700.00000000,478.20
2021-12-01 02:35:15.425714 +0000 UTC,25338888,buy,0.00051200,79700.00000000,40.81
2021-12-01 02:35:15.458807 +0000 UTC,25338891,sell,0.00100000,79710.00000000,79.71
2021-12-01 02:35:24.05442 +0000 UTC,25338892,sell,0.00700000,79710.00000000,557.97
2021-12-01 02:36:05.125773 +0000 UTC,25338918,sell,0.00620270,79810.00000000,495.04
2021-12-01 02:36:09.057702 +0000 UTC,25338919,buy,0.00300000,80000.00000000,240.00
2021-12-01 02:36:10.220243 +0000 UTC,25338922,buy,0.00600000,80000.00000000,480.00
2021-12-01 02:36:45.487696 +0000 UTC,25338937,buy,0.00034230,80050.00000000,27.40
2021-12-01 02:36:56.607311 +0000 UTC,25338949,buy,0.00248448,80000.00000000,198.76
2021-12-01 02:36:56.677576 +0000 UTC,25338954,sell,0.00225000,80010.00000000,180.02
2021-12-01 02:37:05.715052 +0000 UTC,25338974,sell,0.00126552,80010.00000000,101.25
2021-12-01 02:37:32.484207 +0000 UTC,25338993,buy,0.00300000,80000.00000000,240.00
2021-12-01 02:37:50.731621 +0000 UTC,25338995,buy,0.00100000,80000.00000000,80.00
2021-12-01 02:42:18.266666 +0000 UTC,25339010,sell,0.00100000,79890.00000000,79.89
2021-12-01 02:43:50.340727 +0000 UTC,25339015,sell,0.00300000,79980.00000000,239.94
2021-12-01 02:43:51.758938 +0000 UTC,25339018,sell,0.12548837,79980.00000000,10036.56
2021-12-01 02:43:51.764308 +0000 UTC,25339021,sell,0.03303326,79980.00000000,2642.00
2021-12-01 02:44:23.395817 +0000 UTC,25339026,sell,0.08911520,79950.00000000,7124.76
2021-12-01 02:44:23.402791 +0000 UTC,25339029,sell,0.08255159,79950.00000000,6600.00
2021-12-01 02:45:04.390177 +0000 UTC,25339050,buy,0.00400000,80140.00000000,320.56
2021-12-01 02:45:15.926914 +0000 UTC,25339054,sell,0.00124460,80100.00000000,99.69
2021-12-01 02:45:15.963335 +0000 UTC,25339060,buy,0.00200000,80070.00000000,160.14
2021-12-01 02:46:10.662783 +0000 UTC,25339084,sell,0.03393487,79990.00000000,2714.45
2021-12-01 02:46:16.90846 +0000 UTC,25339088,sell,0.01236150,79990.00000000,988.80
2021-12-01 02:46:33.940043 +0000 UTC,25339090,buy,0.00600000,80140.00000000,480.84
2021-12-01 02:47:01.722133 +0000 UTC,25339093,sell,0.00023298,79920.00000000,18.62
2021-12-01 02:47:11.488098 +0000 UTC,25339100,sell,0.00082410,79920.00000000,65.86
2021-12-01 02:48:23.474756 +0000 UTC,25339115,buy,0.00600000,79930.00000000,479.58
2021-12-01 02:48:24.691583 +0000 UTC,25339118,sell,0.00100000,79930.00000000,79.93
2021-12-01 02:48:24.711197 +0000 UTC,25339121,buy,0.00036542,79930.00000000,29.21
2021-12-01 02:48:49.987789 +0000 UTC,25339128,buy,0.00076520,80160.00000000,61.34
2021-12-01 02:48:50.106471 +0000 UTC,25339132,buy,0.00016470,80160.00000000,13.20
2021-12-01 02:49:35.853158 +0000 UTC,25339134,sell,0.59600000,80110.00000000,47745.56
2021-12-01 02:49:35.853518 +0000 UTC,25339135,sell,0.01500000,80100.00000000,1201.50
2021-12-01 02:50:17.230458 +0000 UTC,25339155,buy,0.00300000,80190.00000000,240.57
2021-12-01 02:50:17.457105 +0000 UTC,25339156,sell,0.00100000,80210.00000000,80.21
2021-12-01 02:50:17.478313 +0000 UTC,25339159,buy,0.00082490,80200.00000000,66.16
2021-12-01 02:51:10.998679 +0000 UTC,25339162,buy,0.00100000,80260.00000000,80.26
2021-12-01 02:51:13.977345 +0000 UTC,25339167,sell,0.01650200,80170.00000000,1322.97
2021-12-01 02:51:18.420844 +0000 UTC,25339171,sell,0.00100000,80230.00000000,80.23
2021-12-01 02:51:18.437333 +0000 UTC,25339174,buy,0.00082510,80230.00000000,66.20
2021-12-01 02:52:18.410184 +0000 UTC,25339183,sell,0.00742590,80160.00000000,595.26
2021-12-01 02:52:20.427556 +0000 UTC,25339184,sell,0.00500000,80180.00000000,400.90
2021-12-01 02:52:20.445194 +0000 UTC,25339187,buy,0.00494940,80180.00000000,396.84
2021-12-01 02:52:21.812534 +0000 UTC,25339190,buy,0.00100000,80300.00000000,80.30
2021-12-01 02:52:21.812893 +0000 UTC,25339191,buy,0.00824900,80320.00000000,662.56
2021-12-01 02:52:21.817826 +0000 UTC,25339196,sell,0.01402330,80340.00000000,1126.63
2021-12-01 02:52:28.747649 +0000 UTC,25339198,sell,0.00034904,80340.00000000,28.04
2021-12-01 02:52:53.565843 +0000 UTC,25339200,buy,0.00100000,80360.00000000,80.36
2021-12-01 02:53:01.323275 +0000 UTC,25339203,sell,0.00180234,80340.00000000,144.80
2021-12-01 02:53:22.023666 +0000 UTC,25339207,sell,0.00577430,80340.00000000,463.91
2021-12-01 02:53:26.912159 +0000 UTC,25339214,sell,0.00080202,80340.00000000,64.43
2021-12-01 02:56:36.013722 +0000 UTC,25339230,buy,0.00200000,80120.00000000,160.24
2021-12-01 02:56:39.522272 +0000 UTC,25339233,buy,0.00200000,80120.00000000,160.24
2021-12-01 02:56:42.931281 +0000 UTC,25339240,buy,0.00200000,80120.00000000,160.24
2021-12-01 02:56:46.007051 +0000 UTC,25339243,sell,0.00200000,80090.00000000,160.18
2021-12-01 02:57:03.928323 +0000 UTC,25339275,buy,0.00305135,80100.00000000,244.41
2021-12-01 02:58:39.177557 +0000 UTC,25339309,buy,0.00032430,80120.00000000,25.98
2021-12-01 02:58:39.182687 +0000 UTC,25339312,sell,0.00100000,80150.00000000,80.15
2021-12-01 02:58:39.424807 +0000 UTC,25339315,sell,0.00100000,80150.00000000,80.15
2021-12-01 02:58:39.443097 +0000 UTC,25339318,buy,0.00097290,80150.00000000,77.98
2021-12-01 02:59:21.144335 +0000 UTC,25339323,sell,0.00098620,80250.00000000,79.14
2021-12-01 02:59:30.951438 +0000 UTC,25339326,sell,0.00500000,80250.00000000,401.25
2021-12-01 03:00:18.669312 +0000 UTC,25339337,sell,0.00001380,80250.00000000,1.11
2021-12-01 03:01:05.351248 +0000 UTC,25339338,buy,0.00200000,80130.00000000,160.26
2021-12-01 03:01:14.932166 +0000 UTC,25339341,buy,0.07033020,80240.00000000,5643.30
2021-12-01 03:01:15.174211 +0000 UTC,25339344,sell,0.07900000,80330.00000000,6346.07
2021-12-01 03:01:15.297686 +0000 UTC,25339347,sell,0.00826400,80330.00000000,663.85
2021-12-01 03:01:24.968866 +0000 UTC,25339348,sell,0.07900000,80330.00000000,6346.07
2021-12-01 03:01:25.192321 +0000 UTC,25339349,sell,0.06140580,80330.00000000,4932.73
2021-12-01 03:02:45.96947 +0000 UTC,25339356,buy,0.01100000,80260.00000000,882.86
2021-12-01 03:05:13.517446 +0000 UTC,25339371,sell,0.00351621,80200.00000000,282.00
2021-12-01 03:09:26.04534 +0000 UTC,25339402,sell,0.00831671,80200.00000000,667.00
2021-12-01 03:10:05.776436 +0000 UTC,25339407,sell,0.00017431,80200.00000000,13.98
2021-12-01 03:10:05.777162 +0000 UTC,25339410,sell,0.00017431,80200.00000000,13.98
2021-12-01 03:10:47.553657 +0000 UTC,25339417,buy,0.02400000,80250.00000000,1926.00
2021-12-01 03:11:52.459058 +0000 UTC,25339431,sell,0.00181846,80200.00000000,145.84
2021-12-01 03:14:04.684924 +0000 UTC,25339471,sell,0.00500000,80060.00000000,400.30
2021-12-01 03:14:04.685281 +0000 UTC,25339472,sell,0.00300000,80060.00000000,240.18
2021-12-01 03:14:16.924132 +0000 UTC,25339478,buy,0.00300000,80060.00000000,240.18
2021-12-01 03:14:26.678416 +0000 UTC,25339479,sell,0.00100000,80050.00000000,80.05
2021-12-01 03:14:29.088579 +0000 UTC,25339484,sell,0.00032760,80000.00000000,26.21
2021-12-01 03:16:07.859656 +0000 UTC,25339489,sell,0.00147035,80050.00000000,117.70
2021-12-01 03:16:14.097843 +0000 UTC,25339494,buy,0.00252965,80050.00000000,202.50
2021-12-01 03:16:14.171357 +0000 UTC,25339495,sell,0.00300000,80070.00000000,240.21
2021-12-01 03:17:42.386405 +0000 UTC,25339501,buy,0.18737600,80130.00000000,15014.44
2021-12-01 03:17:42.645014 +0000 UTC,25339513,buy,0.13800000,80120.00000000,11056.56
2021-12-01 03:17:42.945329 +0000 UTC,25339522,buy,0.04053440,80140.00000000,3248.43
2021-12-01 03:17:51.341678 +0000 UTC,25339523,sell,0.00400000,79960.00000000,319.84
2021-12-01 03:17:51.342062 +0000 UTC,25339524,sell,0.50012900,79950.00000000,39985.31
2021-12-01 03:17:53.491836 +0000 UTC,25339529,buy,0.49962210,79950.00000000,39944.79
2021-12-01 03:17:58.97702 +0000 UTC,25339530,buy,0.00200000,79950.00000000,159.90
2021-12-01 03:18:06.710903 +0000 UTC,25339533,sell,0.11714360,79940.00000000,9364.46
2021-12-01 03:18:33.092505 +0000 UTC,25339534,buy,0.00200000,79950.00000000,159.90
2021-12-01 03:18:39.513759 +0000 UTC,25339535,buy,0.00200000,79950.00000000,159.90
2021-12-01 03:18:42.899514 +0000 UTC,25339544,buy,0.00200000,79950.00000000,159.90
2021-12-01 03:18:45.989774 +0000 UTC,25339546,buy,0.00200000,79950.00000000,159.90
2021-12-01 03:18:49.240917 +0000 UTC,25339547,buy,0.00200000,79950.00000000,159.90
2021-12-01 03:19:13.726421 +0000 UTC,25339555,buy,0.00200000,79950.00000000,159.90
2021-12-01 03:19:16.984013 +0000 UTC,25339556,buy,0.00200000,79950.00000000,159.90
2021-12-01 03:19:20.31775 +0000 UTC,25339566,buy,0.00200000,79950.00000000,159.90
2021-12-01 03:20:19.678069 +0000 UTC,25339570,buy,0.00016585,79950.00000000,13.26
2021-12-01 03:20:26.286881 +0000 UTC,25339573,buy,0.00016573,79950.00000000,13.25
2021-12-01 03:20:31.685294 +0000 UTC,25339576,sell,0.00100000,79900.00000000,79.90
2021-12-01 03:20:31.68598 +0000 UTC,25339579,sell,0.00100000,79890.00000000,79.89
2021-12-01 03:20:31.686634 +0000 UTC,25339582,sell,0.00043272,79890.00000000,34.57
2021-12-01 03:20:33.142998 +0000 UTC,25339584,buy,0.00122664,79950.00000000,98.07
2021-12-01 03:20:33.154467 +0000 UTC,25339591,buy,0.00132320,79950.00000000,105.79
2021-12-01 03:20:46.65367 +0000 UTC,25339598,buy,0.22269508,79950.00000000,17804.47
2021-12-01 03:20:57.653296 +0000 UTC,25339607,buy,0.01300000,80000.00000000,1040.00
2021-12-01 03:20:57.653954 +0000 UTC,25339610,buy,0.09600000,80000.00000000,7680.00
2021-12-01 03:21:05.89458 +0000 UTC,25339620,buy,0.08200000,80040.00000000,6563.28
2021-12-01 03:21:05.90132 +0000 UTC,25339627,buy,0.01500000,80040.00000000,1200.60
2021-12-01 03:21:05.901933 +0000 UTC,25339630,buy,0.06710440,80050.00000000,5371.71
2021-12-01 03:21:06.159016 +0000 UTC,25339641,buy,0.01489560,80050.00000000,1192.39
2021-12-01 03:21:08.441481 +0000 UTC,25339644,buy,0.06300000,80040.00000000,5042.52
2021-12-01 03:21:08.458639 +0000 UTC,25339651,buy,0.00500000,80040.00000000,400.20
2021-12-01 03:21:08.459299 +0000 UTC,25339654,buy,0.05711520,80050.00000000,4572.07
2021-12-01 03:21:24.566109 +0000 UTC,25339661,sell,0.00049560,79960.00000000,39.63
2021-12-01 03:22:34.445132 +0000 UTC,25339675,buy,0.00016535,79950.00000000,13.22
2021-12-01 03:22:34.44582 +0000 UTC,25339678,buy,0.00148818,79950.00000000,118.98
2021-12-01 03:23:39.69971 +0000 UTC,25339692,buy,0.00200000,79950.00000000,159.90
2021-12-01 03:23:42.837475 +0000 UTC,25339693,buy,0.00200000,79950.00000000,159.90
2021-12-01 03:23:43.377061 +0000 UTC,25339694,buy,0.01000000,79950.00000000,799.50
2021-12-01 03:23:45.981754 +0000 UTC,25339695,buy,0.00200000,79950.00000000,159.90
2021-12-01 03:26:06.511266 +0000 UTC,25339703,sell,0.00033079,79870.00000000,26.42
2021-12-01 03:26:11.448615 +0000 UTC,25339704,sell,0.00016510,79890.00000000,13.19
2021-12-01 03:26:57.006641 +0000 UTC,25339711,buy,0.00016498,79890.00000000,13.18
2021-12-01 03:27:12.530992 +0000 UTC,25339714,buy,0.00066992,79890.00000000,53.52
2021-12-01 03:28:01.469085 +0000 UTC,25339739,buy,0.03185087,79950.00000000,2546.48
2021-12-01 03:28:34.963768 +0000 UTC,25339764,buy,0.00082650,80070.00000000,66.18
2021-12-01 03:28:49.8767 +0000 UTC,25339770,buy,0.00200000,80090.00000000,160.18
2021-12-01 03:28:55.015767 +0000 UTC,25339771,sell,0.03600000,80080.00000000,2882.88
2021-12-01 03:28:58.331332 +0000 UTC,25339773,sell,0.00017350,80080.00000000,13.89
2021-12-01 03:29:22.355956 +0000 UTC,25339779,sell,0.00060500,79960.00000000,48.38
2021-12-01 03:29:26.660198 +0000 UTC,25339790,buy,0.00200000,80050.00000000,160.10
2021-12-01 03:29:50.652889 +0000 UTC,25339796,sell,0.00115923,80010.00000000,92.75
2021-12-01 03:29:50.653625 +0000 UTC,25339799,sell,0.00784077,80010.00000000,627.34
2021-12-01 03:30:01.234572 +0000 UTC,25339880,buy,0.00037225,80000.00000000,29.78
2021-12-01 03:30:03.867062 +0000 UTC,25339901,sell,0.00099650,79960.00000000,79.68
2021-12-01 03:30:03.903228 +0000 UTC,25339907,sell,0.00099660,79960.00000000,79.69
2021-12-01 03:31:45.014222 +0000 UTC,25339940,buy,0.00200000,80000.00000000,160.00
2021-12-01 03:32:17.224989 +0000 UTC,25339970,buy,0.01264120,79970.00000000,1010.92
2021-12-01 03:32:17.229095 +0000 UTC,25339972,buy,0.01300000,79970.00000000,1039.61
2021-12-01 03:33:57.681936 +0000 UTC,25340076,buy,0.04300000,80010.00000000,3440.43
2021-12-01 03:33:58.452971 +0000 UTC,25340085,buy,0.03000000,80010.00000000,2400.30
2021-12-01 03:33:59.676716 +0000 UTC,25340095,buy,0.02100000,80010.00000000,1680.21
2021-12-01 03:34:00.433858 +0000 UTC,25340102,buy,0.18700000,80000.00000000,14960.00
2021-12-01 03:34:08.753103 +0000 UTC,25340120,buy,0.02800000,80040.00000000,2241.12
2021-12-01 03:34:08.754905 +0000 UTC,25340123,buy,0.02600000,80050.00000000,2081.30
2021-12-01 03:34:08.757379 +0000 UTC,25340126,buy,0.15900000,80050.00000000,12727.95
2021-12-01 03:34:08.761845 +0000 UTC,25340130,buy,0.02800000,80050.00000000,2241.40
2021-12-01 03:34:25.384521 +0000 UTC,25340163,buy,0.00110492,80120.00000000,88.53
2021-12-01 03:35:13.422768 +0000 UTC,25340242,sell,0.04800000,79980.00000000,3839.04
2021-12-01 03:35:19.395947 +0000 UTC,25340255,sell,0.00060400,79960.00000000,48.30
2021-12-01 03:35:24.916506 +0000 UTC,25340269,sell,0.00300000,79960.00000000,239.88
2021-12-01 03:35:35.909319 +0000 UTC,25340290,sell,0.00079790,79960.00000000,63.81
2021-12-01 03:35:35.909648 +0000 UTC,25340291,sell,0.01320210,79940.00000000,1055.38
2021-12-01 03:35:37.151859 +0000 UTC,25340322,sell,0.00191150,79880.00000000,152.69
2021-12-01 03:35:37.45362 +0000 UTC,25340334,sell,0.02308850,79880.00000000,1844.31
2021-12-01 03:37:28.397886 +0000 UTC,25340546,sell,0.01182960,79880.00000000,944.95
2021-12-01 03:37:48.840649 +0000 UTC,25340634,sell,0.00165850,79860.00000000,132.45
2021-12-01 03:38:19.270287 +0000 UTC,25340710,sell,0.01992084,79840.00000000,1590.48
2021-12-01 03:38:19.271115 +0000 UTC,25340713,sell,0.02242786,79840.00000000,1790.64
2021-12-01 03:38:19.454558 +0000 UTC,25340714,buy,0.07310160,79890.00000000,5840.09
2021-12-01 03:38:19.461658 +0000 UTC,25340717,sell,0.07400000,79940.00000000,5915.56
2021-12-01 03:38:19.573829 +0000 UTC,25340722,sell,0.07393230,79840.00000000,5902.75
2021-12-01 03:38:19.690574 +0000 UTC,25340723,buy,0.00500000,79900.00000000,399.50
2021-12-01 03:38:19.694035 +0000 UTC,25340726,sell,0.00444381,79940.00000000,355.24
2021-12-01 03:38:21.936127 +0000 UTC,25340740,sell,0.06230250,79840.00000000,4974.23
2021-12-01 03:39:04.409391 +0000 UTC,25340745,buy,0.00300000,79940.00000000,239.82
2021-12-01 03:40:27.737316 +0000 UTC,25341030,buy,0.00300000,80080.00000000,240.24
2021-12-01 03:40:35.877479 +0000 UTC,25341039,buy,0.00100000,80130.00000000,80.13
2021-12-01 03:41:12.684796 +0000 UTC,25341055,buy,0.00100000,80120.00000000,80.12
2021-12-01 03:41:13.134289 +0000 UTC,25341064,buy,0.03100000,80180.00000000,2485.58
2021-12-01 03:41:16.999531 +0000 UTC,25341065,buy,0.00100000,80200.00000000,80.20
2021-12-01 03:41:16.999927 +0000 UTC,25341066,buy,0.00046851,80200.00000000,37.57
2021-12-01 03:41:17.001873 +0000 UTC,25341069,buy,0.00040623,80200.00000000,32.58
2021-12-01 03:41:17.004615 +0000 UTC,25341072,buy,0.00012526,80200.00000000,10.05
2021-12-01 03:41:18.207092 +0000 UTC,25341075,buy,0.00057453,80200.00000000,46.08
2021-12-01 03:41:18.208805 +0000 UTC,25341078,buy,0.00042547,80220.00000000,34.14
2021-12-01 03:41:18.389918 +0000 UTC,25341079,buy,0.00057453,80220.00000000,46.08
2021-12-01 03:41:20.373153 +0000 UTC,25341080,buy,0.07500000,80240.00000000,6018.00
2021-12-01 03:41:29.600522 +0000 UTC,25341105,buy,0.00035020,80190.00000000,28.08
2021-12-01 03:41:29.603119 +0000 UTC,25341108,buy,0.00070040,80190.00000000,56.17
2021-12-01 03:41:29.604837 +0000 UTC,25341111,buy,0.00094940,80190.00000000,76.13
2021-12-01 03:41:30.4154 +0000 UTC,25341114,buy,0.00010120,80190.00000000,8.12
2021-12-01 03:41:30.417108 +0000 UTC,25341117,buy,0.00105060,80190.00000000,84.25
2021-12-01 03:41:30.678734 +0000 UTC,25341125,sell,0.00088290,80190.00000000,70.80
2021-12-01 03:41:30.67968 +0000 UTC,25341128,sell,0.00088290,80190.00000000,70.80
2021-12-01 03:41:34.580698 +0000 UTC,25341130,sell,0.02047367,80200.00000000,1641.99
2021-12-01 03:42:16.362252 +0000 UTC,25341149,buy,0.07900000,80240.00000000,6338.96
2021-12-01 03:42:19.599506 +0000 UTC,25341150,buy,0.00200000,80240.00000000,160.48
2021-12-01 03:42:22.855512 +0000 UTC,25341151,buy,0.00200000,80240.00000000,160.48
2021-12-01 03:42:25.830089 +0000 UTC,25341152,buy,0.00200000,80240.00000000,160.48
2021-12-01 03:42:29.61407 +0000 UTC,25341159,buy,0.00200000,80240.00000000,160.48
2021-12-01 03:42:30.692253 +0000 UTC,25341169,buy,0.07900000,80240.00000000,6338.96
2021-12-01 03:42:32.651478 +0000 UTC,25341170,buy,0.00200000,80240.00000000,160.48
2021-12-01 03:43:08.281345 +0000 UTC,25341176,buy,0.00382300,80240.00000000,306.76
2021-12-01 03:43:24.164493 +0000 UTC,25341180,sell,0.00115710,80200.00000000,92.80
2021-12-01 03:44:12.469424 +0000 UTC,25341189,sell,0.02700000,80140.00000000,2163.78
2021-12-01 03:44:59.597504 +0000 UTC,25341195,sell,0.00037140,80060.00000000,29.73
2021-12-01 03:45:05.954743 +0000 UTC,25341198,sell,0.00900000,80190.00000000,721.71
2021-12-01 03:45:05.968437 +0000 UTC,25341201,buy,0.00825400,80100.00000000,661.15
2021-12-01 03:46:04.926705 +0000 UTC,25341219,sell,0.00300000,80150.00000000,240.45
2021-12-01 03:47:50.234467 +0000 UTC,25341233,buy,0.00100000,80020.00000000,80.02
2021-12-01 03:47:50.239882 +0000 UTC,25341236,sell,0.00035032,80040.00000000,28.04
2021-12-01 03:47:50.242871 +0000 UTC,25341239,sell,0.00017516,80040.00000000,14.02
2021-12-01 03:47:50.462785 +0000 UTC,25341242,buy,0.00100000,80020.00000000,80.02
2021-12-01 03:47:50.46754 +0000 UTC,25341245,sell,0.00082500,80020.00000000,66.02
2021-12-01 03:47:59.851557 +0000 UTC,25341261,sell,0.00175566,80010.00000000,140.47
2021-12-01 03:47:59.962976 +0000 UTC,25341264,sell,0.00124434,80010.00000000,99.56
2021-12-01 03:48:35.665278 +0000 UTC,25341294,sell,0.00033250,79940.00000000,26.58
2021-12-01 03:48:35.666035 +0000 UTC,25341297,sell,0.00748124,79940.00000000,598.05
2021-12-01 03:48:35.66677 +0000 UTC,25341300,sell,0.00066500,79940.00000000,53.16
2021-12-01 03:48:35.669338 +0000 UTC,25341306,sell,0.00016637,79940.00000000,13.30
2021-12-01 03:48:35.670261 +0000 UTC,25341309,sell,0.00435489,79940.00000000,348.13
2021-12-01 03:48:35.670944 +0000 UTC,25341312,sell,0.00300000,79930.00000000,239.79
2021-12-01 03:48:35.735582 +0000 UTC,25341322,buy,0.01300000,79930.00000000,1039.09
2021-12-01 03:48:42.266259 +0000 UTC,25341331,sell,0.00765800,79960.00000000,612.33
2021-12-01 03:48:42.268045 +0000 UTC,25341334,sell,0.00134200,79960.00000000,107.31
2021-12-01 03:48:42.274403 +0000 UTC,25341337,buy,0.00776597,79930.00000000,620.73
2021-12-01 03:48:42.276201 +0000 UTC,25341340,buy,0.00049920,79930.00000000,39.90
2021-12-01 03:49:05.680813 +0000 UTC,25341395,sell,0.00070124,80030.00000000,56.12
2021-12-01 03:49:26.879536 +0000 UTC,25341421,sell,0.00200000,80030.00000000,160.06
2021-12-01 03:49:27.39628 +0000 UTC,25341425,buy,0.00700000,80070.00000000,560.49
2021-12-01 03:49:36.604804 +0000 UTC,25341438,sell,0.01370124,79870.00000000,1094.31
2021-12-01 03:49:57.034391 +0000 UTC,25341463,sell,0.00400000,79940.00000000,319.76
2021-12-01 03:51:09.393969 +0000 UTC,25341465,buy,0.00500000,79940.00000000,399.70
2021-12-01 03:52:45.87132 +0000 UTC,25341469,sell,0.00200000,80020.00000000,160.04
2021-12-01 03:52:45.970782 +0000 UTC,25341471,sell,0.00200000,80020.00000000,160.04
2021-12-01 03:52:46.336878 +0000 UTC,25341472,buy,0.00100000,80030.00000000,80.03
2021-12-01 03:52:46.45042 +0000 UTC,25341476,sell,0.00300000,80030.00000000,240.09
2021-12-01 03:53:13.807728 +0000 UTC,25341490,sell,0.00600000,80040.00000000,480.24
2021-12-01 03:53:25.680842 +0000 UTC,25341501,sell,0.00197764,80050.00000000,158.31
2021-12-01 03:53:26.188795 +0000 UTC,25341508,sell,0.01121562,80050.00000000,897.81
2021-12-01 03:54:33.327641 +0000 UTC,25341592,buy,0.00037180,80140.00000000,29.80
2021-12-01 03:55:37.744718 +0000 UTC,25341712,buy,0.00400000,80050.00000000,320.20
2021-12-01 03:56:31.16803 +0000 UTC,25341736,sell,0.00023235,80050.00000000,18.60
2021-12-01 03:56:31.49535 +0000 UTC,25341746,sell,0.00076765,80050.00000000,61.45
2021-12-01 03:56:53.963896 +0000 UTC,25341773,sell,0.00200000,80040.00000000,160.08
2021-12-01 03:56:53.981167 +0000 UTC,25341776,buy,0.00166300,80040.00000000,133.11
2021-12-01 03:57:00.452735 +0000 UTC,25341796,buy,0.00048700,80060.00000000,38.99
2021-12-01 03:57:04.986543 +0000 UTC,25341806,buy,0.00151300,80060.00000000,121.13
2021-12-01 03:57:36.11918 +0000 UTC,25341818,buy,0.00062820,80140.00000000,50.34
2021-12-01 03:57:36.119555 +0000 UTC,25341819,buy,0.00027580,80140.00000000,22.10
2021-12-01 03:57:36.159166 +0000 UTC,25341824,sell,0.00054560,80160.00000000,43.74
2021-12-01 03:57:41.409163 +0000 UTC,25341827,sell,0.00055040,80160.00000000,44.12
2021-12-01 03:58:43.226225 +0000 UTC,25341844,sell,0.00700000,80060.00000000,560.42
2021-12-01 03:59:13.190603 +0000 UTC,25341846,buy,0.00100000,80110.00000000,80.11
2021-12-01 03:59:38.863366 +0000 UTC,25341858,buy,0.00200000,80170.00000000,160.34
2021-12-01 03:59:41.842989 +0000 UTC,25341859,buy,0.04400000,80170.00000000,3527.48
2021-12-01 03:59:59.167543 +0000 UTC,25341873,sell,0.07584950,80170.00000000,6080.85
2021-12-01 03:59:59.248051 +0000 UTC,25341878,sell,0.06715050,80170.00000000,5383.46
2021-12-01 04:01:50.721024 +0000 UTC,25341882,sell,0.00200000,80140.00000000,160.28
2021-12-01 04:02:20.173392 +0000 UTC,25341886,buy,0.00600000,80200.00000000,481.20
2021-12-01 04:03:07.848022 +0000 UTC,25341892,sell,0.07100000,80150.00000000,5690.65
2021-12-01 04:03:14.881163 +0000 UTC,25341896,buy,0.00082897,80220.00000000,66.50
2021-12-01 04:03:33.484319 +0000 UTC,25341898,buy,0.00017103,80220.00000000,13.72
2021-12-01 04:03:33.654294 +0000 UTC,25341899,sell,0.00100000,80220.00000000,80.22
2021-12-01 04:03:33.810452 +0000 UTC,25341900,sell,0.00082897,80220.00000000,66.50
2021-12-01 04:04:37.91299 +0000 UTC,25341910,buy,0.00177102,80180.00000000,142.00
2021-12-01 04:04:40.875063 +0000 UTC,25341913,buy,0.00177102,80180.00000000,142.00
2021-12-01 04:05:37.936111 +0000 UTC,25341927,buy,0.02545796,80180.00000000,2041.22
2021-12-01 04:05:37.936786 +0000 UTC,25341930,buy,0.12100000,80200.00000000,9704.20
2021-12-01 04:05:38.106296 +0000 UTC,25341931,sell,0.08500000,80200.00000000,6817.00
2021-12-01 04:07:23.430844 +0000 UTC,25341980,buy,0.00432735,80220.00000000,347.14
2021-12-01 04:07:23.432472 +0000 UTC,25341983,buy,0.02219571,80220.00000000,1780.54
2021-12-01 04:07:23.434357 +0000 UTC,25341986,buy,0.04841112,80220.00000000,3883.54
2021-12-01 04:07:23.436912 +0000 UTC,25341989,buy,0.00017477,80220.00000000,14.02
2021-12-01 04:07:23.438408 +0000 UTC,25341992,buy,0.00017477,80220.00000000,14.02
2021-12-01 04:07:23.439852 +0000 UTC,25341995,buy,0.00052431,80220.00000000,42.06
2021-12-01 04:07:23.441307 +0000 UTC,25341998,buy,0.00017477,80220.00000000,14.02
2021-12-01 04:07:23.442864 +0000 UTC,25342001,buy,0.00017477,80220.00000000,14.02
2021-12-01 04:07:23.463848 +0000 UTC,25342008,buy,0.00184243,80220.00000000,147.80
2021-12-01 04:07:24.942654 +0000 UTC,25342014,buy,0.02300000,80220.00000000,1845.06
2021-12-01 04:08:14.009614 +0000 UTC,25342021,sell,0.00496800,80020.00000000,397.54
2021-12-01 04:08:14.178974 +0000 UTC,25342022,buy,0.00700000,80160.00000000,561.12
2021-12-01 04:08:14.242342 +0000 UTC,25342025,sell,0.00664673,80160.00000000,532.80
2021-12-01 04:08:25.322575 +0000 UTC,25342041,sell,0.00376400,80030.00000000,301.23
2021-12-01 04:08:31.42275 +0000 UTC,25342044,sell,0.01654800,80040.00000000,1324.50
2021-12-01 04:08:31.656126 +0000 UTC,25342046,buy,0.00300000,80100.00000000,240.30
2021-12-01 04:08:34.172527 +0000 UTC,25342054,sell,0.01100000,80060.00000000,880.66
2021-12-01 04:08:34.196449 +0000 UTC,25342057,buy,0.01030453,80060.00000000,824.98
2021-12-01 04:08:38.635247 +0000 UTC,25342060,sell,0.00300000,80060.00000000,240.18
2021-12-01 04:08:40.843343 +0000 UTC,25342066,sell,0.02813160,80050.00000000,2251.93
2021-12-01 04:08:42.894492 +0000 UTC,25342072,buy,0.05100000,80200.00000000,4090.20
2021-12-01 04:08:43.644636 +0000 UTC,25342075,buy,0.01034214,80200.00000000,829.44
2021-12-01 04:08:43.646126 +0000 UTC,25342078,buy,0.02465786,80200.00000000,1977.56
2021-12-01 04:08:45.160143 +0000 UTC,25342087,buy,0.02400000,80190.00000000,1924.56
2021-12-01 04:08:46.407945 +0000 UTC,25342094,buy,0.01700000,80200.00000000,1363.40
2021-12-01 04:08:47.645236 +0000 UTC,25342096,buy,0.01200000,80190.00000000,962.28
2021-12-01 04:08:48.903011 +0000 UTC,25342117,buy,0.00800000,80200.00000000,641.60
2021-12-01 04:08:50.646649 +0000 UTC,25342126,buy,0.02100000,80180.00000000,1683.78
2021-12-01 04:08:50.934831 +0000 UTC,25342131,buy,0.00400000,80050.00000000,320.20
2021-12-01 04:08:50.939761 +0000 UTC,25342134,sell,0.00364540,80080.00000000,291.92
2021-12-01 04:08:52.242832 +0000 UTC,25342142,buy,0.01500000,80190.00000000,1202.85
2021-12-01 04:08:53.398315 +0000 UTC,25342147,buy,0.01000000,80210.00000000,802.10
2021-12-01 04:08:54.399176 +0000 UTC,25342156,buy,0.00700000,80200.00000000,561.40
2021-12-01 04:08:55.661819 +0000 UTC,25342169,buy,0.00500000,80200.00000000,401.00
2021-12-01 04:08:56.656747 +0000 UTC,25342171,buy,0.00400000,80200.00000000,320.80
2021-12-01 04:08:57.648363 +0000 UTC,25342180,buy,0.00300000,80210.00000000,240.63
2021-12-01 04:08:58.896816 +0000 UTC,25342189,buy,0.00200000,80200.00000000,160.40
2021-12-01 04:08:59.936787 +0000 UTC,25342201,buy,0.00100000,80200.00000000,80.20
2021-12-01 04:09:01.399093 +0000 UTC,25342207,buy,0.00100000,80190.00000000,80.19
2021-12-01 04:09:41.266849 +0000 UTC,25342215,buy,0.00100000,80230.00000000,80.23
2021-12-01 04:11:52.409634 +0000 UTC,25342224,sell,0.01100000,80160.00000000,881.76
2021-12-01 04:13:46.707609 +0000 UTC,25342228,sell,0.00200000,80120.00000000,160.24
2021-12-01 04:13:56.919089 +0000 UTC,25342235,sell,0.00200000,80080.00000000,160.16
2021-12-01 04:13:56.919844 +0000 UTC,25342238,sell,0.02654767,80080.00000000,2125.94
2021-12-01 04:16:00.585351 +0000 UTC,25342243,buy,0.00300000,80100.00000000,240.30
2021-12-01 04:16:04.467787 +0000 UTC,25342246,buy,0.00700000,80230.00000000,561.61
2021-12-01 04:16:37.873953 +0000 UTC,25342252,buy,0.00400000,80240.00000000,320.96
2021-12-01 04:16:37.9323 +0000 UTC,25342253,sell,0.00838160,80240.00000000,672.54
2021-12-01 04:16:38.007167 +0000 UTC,25342256,buy,0.00900000,80240.00000000,722.16
2021-12-01 04:16:44.247683 +0000 UTC,25342259,sell,0.01400000,80210.00000000,1122.94
2021-12-01 04:16:50.991395 +0000 UTC,25342262,buy,0.00214820,80230.00000000,172.35
2021-12-01 04:17:03.879388 +0000 UTC,25342263,sell,0.00200000,80210.00000000,160.42
2021-12-01 04:17:11.884079 +0000 UTC,25342265,buy,0.00100000,80130.00000000,80.13
2021-12-01 04:17:22.567366 +0000 UTC,25342266,buy,0.00100000,80140.00000000,80.14
2021-12-01 04:17:30.657127 +0000 UTC,25342267,sell,0.00100000,80190.00000000,80.19
2021-12-01 04:18:12.127124 +0000 UTC,25342272,buy,0.00033140,80140.00000000,26.56
2021-12-01 04:18:27.850511 +0000 UTC,25342276,sell,0.00100000,80120.00000000,80.12
2021-12-01 04:18:27.859085 +0000 UTC,25342277,sell,0.00400000,80020.00000000,320.08
2021-12-01 04:18:27.859462 +0000 UTC,25342278,sell,0.00100000,80020.00000000,80.02
2021-12-01 04:18:27.869302 +0000 UTC,25342281,sell,0.00500000,80010.00000000,400.05
2021-12-01 04:18:27.877583 +0000 UTC,25342282,sell,0.00100000,80000.00000000,80.00
2021-12-01 04:18:27.885346 +0000 UTC,25342283,sell,0.01100000,79980.00000000,879.78
2021-12-01 04:18:27.897837 +0000 UTC,25342284,sell,0.01600000,79970.00000000,1279.52
2021-12-01 04:18:27.898195 +0000 UTC,25342285,sell,0.00165580,79970.00000000,132.41
2021-12-01 04:18:27.909143 +0000 UTC,25342288,sell,0.00100000,79960.00000000,79.96
2021-12-01 04:18:27.919059 +0000 UTC,25342291,sell,0.00200000,79950.00000000,159.90
2021-12-01 04:18:27.930479 +0000 UTC,25342294,sell,0.59400000,79940.00000000,47484.36
2021-12-01 04:18:27.930828 +0000 UTC,25342295,sell,0.00200000,79940.00000000,159.88
2021-12-01 04:18:27.932398 +0000 UTC,25342298,sell,0.00082790,79940.00000000,66.18
2021-12-01 04:18:27.942902 +0000 UTC,25342301,sell,0.01741632,79910.00000000,1391.74
2021-12-01 04:18:27.94453 +0000 UTC,25342304,sell,0.00165580,79910.00000000,132.31
2021-12-01 04:18:27.956044 +0000 UTC,25342307,sell,0.04900000,79900.00000000,3915.10
2021-12-01 04:18:27.956388 +0000 UTC,25342308,sell,0.00248370,79900.00000000,198.45
2021-12-01 04:18:27.96592 +0000 UTC,25342311,sell,0.18700000,79860.00000000,14933.82
2021-12-01 04:18:27.966293 +0000 UTC,25342312,sell,0.00165580,79860.00000000,132.23
2021-12-01 04:18:27.977237 +0000 UTC,25342315,sell,0.10000000,79850.00000000,7985.00
2021-12-01 04:18:28.077313 +0000 UTC,25342316,buy,0.00400000,80150.00000000,320.60
2021-12-01 04:19:15.161937 +0000 UTC,25342319,sell,0.00100000,80130.00000000,80.13
2021-12-01 04:20:10.465088 +0000 UTC,25342320,sell,0.00500000,80030.00000000,400.15
2021-12-01 04:21:47.158847 +0000 UTC,25342357,buy,0.00100000,80060.00000000,80.06
2021-12-01 04:21:47.413648 +0000 UTC,25342366,buy,0.14000000,80080.00000000,11211.20
2021-12-01 04:21:47.414289 +0000 UTC,25342369,buy,0.00003550,80100.00000000,2.84
2021-12-01 04:22:25.906553 +0000 UTC,25342374,sell,0.00100000,80060.00000000,80.06
2021-12-01 04:22:26.126446 +0000 UTC,25342379,buy,0.00030828,80090.00000000,24.69
2021-12-01 04:22:26.167147 +0000 UTC,25342382,buy,0.00032700,80090.00000000,26.19
2021-12-01 04:22:52.370312 +0000 UTC,25342384,buy,0.04900000,80090.00000000,3924.41
2021-12-01 04:25:10.680594 +0000 UTC,25342388,sell,0.00400000,80070.00000000,320.28
2021-12-01 04:29:11.573355 +0000 UTC,25342401,buy,0.00100000,79990.00000000,79.99
2021-12-01 04:29:18.898816 +0000 UTC,25342404,buy,0.00100000,79990.00000000,79.99
2021-12-01 04:29:41.612049 +0000 UTC,25342405,sell,0.00200000,79980.00000000,159.96
2021-12-01 04:30:03.964721 +0000 UTC,25342408,sell,0.00082430,79980.00000000,65.93
2021-12-01 04:31:17.919889 +0000 UTC,25342410,sell,0.00100000,80040.00000000,80.04
2021-12-01 04:31:17.943027 +0000 UTC,25342416,buy,0.00163350,80040.00000000,130.75
2021-12-01 04:31:17.982631 +0000 UTC,25342417,buy,0.00200000,80040.00000000,160.08
2021-12-01 04:32:21.933489 +0000 UTC,25342429,sell,0.00177157,79980.00000000,141.69
2021-12-01 04:32:32.334127 +0000 UTC,25342435,sell,0.00200000,80040.00000000,160.08
2021-12-01 04:32:38.050728 +0000 UTC,25342438,sell,0.00400000,80010.00000000,320.04
2021-12-01 04:32:51.445073 +0000 UTC,25342443,buy,0.00709034,80030.00000000,567.44
2021-12-01 04:33:09.983249 +0000 UTC,25342445,sell,0.00040413,79980.00000000,32.32
2021-12-01 04:33:19.756265 +0000 UTC,25342447,sell,0.00100000,79840.00000000,79.84
2021-12-01 04:35:46.432142 +0000 UTC,25342480,sell,0.00098040,79890.00000000,78.32
2021-12-01 04:35:46.448758 +0000 UTC,25342483,buy,0.00100000,79870.00000000,79.87
2021-12-01 04:36:39.900246 +0000 UTC,25342490,sell,0.00082650,79810.00000000,65.96
2021-12-01 04:36:52.066042 +0000 UTC,25342491,buy,0.00100000,79870.00000000,79.87
2021-12-01 04:37:45.147488 +0000 UTC,25342506,buy,0.00025846,79850.00000000,20.64
2021-12-01 04:37:45.149393 +0000 UTC,25342509,buy,0.00074154,79870.00000000,59.23
2021-12-01 04:37:55.02143 +0000 UTC,25342514,buy,0.02698000,80010.00000000,2158.67
2021-12-01 04:39:42.039019 +0000 UTC,25342521,buy,0.00026910,79980.00000000,21.52
2021-12-01 04:40:23.957184 +0000 UTC,25342524,sell,0.01200000,79850.00000000,958.20
2021-12-01 04:40:45.70977 +0000 UTC,25342526,buy,0.00443850,79870.00000000,354.50
2021-12-01 04:40:45.754876 +0000 UTC,25342529,sell,0.00500000,79890.00000000,399.45
2021-12-01 04:42:19.969978 +0000 UTC,25342539,buy,0.00523200,80000.00000000,418.56
2021-12-01 04:42:41.852761 +0000 UTC,25342546,buy,0.00003699,80010.00000000,2.96
2021-12-01 04:43:22.956263 +0000 UTC,25342572,buy,0.00026940,80010.00000000,21.55
2021-12-01 04:43:30.677208 +0000 UTC,25342575,buy,0.00026930,80000.00000000,21.54
2021-12-01 04:44:19.936221 +0000 UTC,25342578,buy,0.00082470,79880.00000000,65.88
2021-12-01 04:44:19.941202 +0000 UTC,25342581,sell,0.00100000,79950.00000000,79.95
2021-12-01 04:44:20.207391 +0000 UTC,25342584,sell,0.00400000,79950.00000000,319.80
2021-12-01 04:44:20.263121 +0000 UTC,25342587,buy,0.00327425,79900.00000000,261.61
2021-12-01 04:44:37.831336 +0000 UTC,25342590,buy,0.05900000,80020.00000000,4721.18
2021-12-01 04:44:46.049416 +0000 UTC,25342593,buy,0.00026910,80020.00000000,21.53
2021-12-01 04:44:56.681566 +0000 UTC,25342602,buy,0.00032720,80000.00000000,26.18
2021-12-01 04:44:56.727572 +0000 UTC,25342605,buy,0.00049530,80000.00000000,39.62
2021-12-01 04:44:56.80201 +0000 UTC,25342608,buy,0.00026910,80000.00000000,21.53
2021-12-01 04:45:33.71236 +0000 UTC,25342621,sell,0.04400000,79900.00000000,3515.60
2021-12-01 04:45:36.615954 +0000 UTC,25342624,sell,0.00029645,79870.00000000,23.68
2021-12-01 04:45:36.61768 +0000 UTC,25342627,sell,0.01517350,79810.00000000,1211.00
2021-12-01 04:45:36.618025 +0000 UTC,25342628,sell,0.00300000,79810.00000000,239.43
2021-12-01 04:45:36.618289 +0000 UTC,25342629,sell,0.01653005,79800.00000000,1319.09
2021-12-01 04:45:49.205664 +0000 UTC,25342634,buy,0.00400000,79870.00000000,319.48
2021-12-01 04:46:08.594992 +0000 UTC,25342636,sell,0.07900000,79800.00000000,6304.20
2021-12-01 04:46:09.946241 +0000 UTC,25342639,buy,0.00026970,79830.00000000,21.53
2021-12-01 04:46:16.731245 +0000 UTC,25342642,buy,0.00026970,79810.00000000,21.52
2021-12-01 04:46:16.914752 +0000 UTC,25342643,sell,0.00446995,79800.00000000,356.71
2021-12-01 04:46:16.915114 +0000 UTC,25342644,sell,0.00053005,79800.00000000,42.30
2021-12-01 04:46:17.1205 +0000 UTC,25342647,sell,0.00046995,79800.00000000,37.50
2021-12-01 04:46:36.436849 +0000 UTC,25342665,sell,0.00200000,79770.00000000,159.54
2021-12-01 04:46:36.711677 +0000 UTC,25342673,buy,0.00100000,79750.00000000,79.75
2021-12-01 04:46:36.716223 +0000 UTC,25342676,sell,0.00065440,79760.00000000,52.19
2021-12-01 04:47:01.211033 +0000 UTC,25342689,buy,0.03300000,79870.00000000,2635.71
2021-12-01 04:47:04.004839 +0000 UTC,25342695,buy,0.01900000,79870.00000000,1517.53
2021-12-01 04:47:04.744791 +0000 UTC,25342701,buy,0.01300000,79870.00000000,1038.31
2021-12-01 04:47:06.43266 +0000 UTC,25342707,buy,0.00900000,79870.00000000,718.83
2021-12-01 04:47:07.508639 +0000 UTC,25342713,buy,0.00600000,79870.00000000,479.22
2021-12-01 04:47:31.441755 +0000 UTC,25342720,buy,0.01300000,79800.00000000,1037.40
2021-12-01 04:47:31.722147 +0000 UTC,25342726,buy,0.18800000,79810.00000000,15004.28
2021-12-01 04:47:33.176484 +0000 UTC,25342733,buy,0.00700000,79820.00000000,558.74
2021-12-01 04:47:34.428764 +0000 UTC,25342743,buy,0.18800000,79800.00000000,15002.40
2021-12-01 04:47:35.408853 +0000 UTC,25342749,buy,0.05600000,79800.00000000,4468.80
2021-12-01 04:48:06.100185 +0000 UTC,25342761,sell,0.00200000,79760.00000000,159.52
2021-12-01 04:48:06.212882 +0000 UTC,25342763,buy,0.00200000,79740.00000000,159.48
2021-12-01 04:48:29.749492 +0000 UTC,25342768,buy,0.00269800,79960.00000000,215.73
2021-12-01 04:48:35.467217 +0000 UTC,25342771,buy,0.00539400,79990.00000000,431.47
2021-12-01 04:48:46.976479 +0000 UTC,25342774,buy,0.00400000,79960.00000000,319.84
2021-12-01 04:48:46.977163 +0000 UTC,25342777,buy,0.00004550,79990.00000000,3.64
2021-12-01 04:48:59.827854 +0000 UTC,25342778,buy,0.00506656,79760.00000000,404.11
2021-12-01 04:50:02.600769 +0000 UTC,25342785,sell,0.00200000,79750.00000000,159.50
2021-12-01 04:50:03.866856 +0000 UTC,25342790,buy,0.00269600,79750.00000000,215.01
2021-12-01 04:50:32.390093 +0000 UTC,25342794,buy,0.01237056,79750.00000000,986.55
2021-12-01 04:50:32.390859 +0000 UTC,25342797,buy,0.00002644,79990.00000000,2.11
2021-12-01 04:51:03.426165 +0000 UTC,25342798,sell,0.00100000,79990.00000000,79.99
2021-12-01 04:53:29.099807 +0000 UTC,25342819,buy,0.00269600,79960.00000000,215.57
2021-12-01 04:53:33.407021 +0000 UTC,25342822,sell,0.00032807,79740.00000000,26.16
2021-12-01 04:53:50.927833 +0000 UTC,25342827,buy,0.00032850,79760.00000000,26.20
2021-12-01 04:53:50.939292 +0000 UTC,25342830,sell,0.00100000,79820.00000000,79.82
2021-12-01 04:55:01.953785 +0000 UTC,25342834,sell,0.01773387,79810.00000000,1415.34
2021-12-01 04:56:00.620998 +0000 UTC,25342841,buy,0.00269700,79950.00000000,215.63
2021-12-01 04:56:11.974278 +0000 UTC,25342842,buy,0.00100000,79930.00000000,79.93
2021-12-01 04:56:11.976141 +0000 UTC,25342845,buy,0.02630300,79950.00000000,2102.92
2021-12-01 04:56:11.976451 +0000 UTC,25342846,buy,0.00700000,79970.00000000,559.79
2021-12-01 04:56:11.97679 +0000 UTC,25342847,buy,0.02769700,79980.00000000,2215.21
2021-12-01 04:56:18.806657 +0000 UTC,25342861,buy,0.00269400,79970.00000000,215.44
2021-12-01 04:56:38.944748 +0000 UTC,25342862,sell,0.00100000,79850.00000000,79.85
2021-12-01 04:56:38.964767 +0000 UTC,25342865,buy,0.00065580,79850.00000000,52.37
2021-12-01 04:57:04.336247 +0000 UTC,25342876,buy,0.00200000,79830.00000000,159.66
2021-12-01 04:57:04.982643 +0000 UTC,25342881,sell,0.00346693,79820.00000000,276.73
2021-12-01 04:57:07.549944 +0000 UTC,25342884,sell,0.01644325,79820.00000000,1312.50
2021-12-01 04:57:42.364372 +0000 UTC,25342887,sell,0.00032899,79820.00000000,26.26
2021-12-01 04:57:42.416495 +0000 UTC,25342890,sell,0.00032900,79820.00000000,26.26
2021-12-01 04:57:48.626258 +0000 UTC,25342893,sell,0.00032937,79820.00000000,26.29
2021-12-01 04:57:48.627645 +0000 UTC,25342896,sell,0.00131746,79820.00000000,105.16
2021-12-01 04:57:48.629016 +0000 UTC,25342899,sell,0.00164683,79820.00000000,131.45
2021-12-01 04:57:48.670411 +0000 UTC,25342902,sell,0.00329400,79820.00000000,262.93
2021-12-01 04:58:06.946151 +0000 UTC,25342906,buy,0.00100000,80010.00000000,80.01
2021-12-01 04:58:09.753019 +0000 UTC,25342909,buy,0.00100000,80010.00000000,80.01
2021-12-01 04:58:40.822038 +0000 UTC,25342929,sell,0.00100000,79820.00000000,79.82
2021-12-01 04:59:39.421849 +0000 UTC,25342965,sell,0.00065964,79740.00000000,52.60
2021-12-01 04:59:39.422597 +0000 UTC,25342968,sell,0.00032982,79740.00000000,26.30
2021-12-01 04:59:39.423309 +0000 UTC,25342971,sell,0.00032982,79740.00000000,26.30
2021-12-01 05:00:46.363922 +0000 UTC,25342986,sell,0.01214599,79730.00000000,968.40
2021-12-01 05:02:24.624087 +0000 UTC,25342998,buy,0.01500000,79870.00000000,1198.05
2021-12-01 05:02:24.624414 +0000 UTC,25342999,buy,0.01000000,79880.00000000,798.80
2021-12-01 05:02:51.439583 +0000 UTC,25343028,buy,0.00289905,79840.00000000,231.46
2021-12-01 05:02:51.504912 +0000 UTC,25343032,buy,0.00317650,79840.00000000,253.61
2021-12-01 05:03:10.660563 +0000 UTC,25343036,buy,0.00300000,79840.00000000,239.52
2021-12-01 05:03:57.10392 +0000 UTC,25343042,buy,0.00600000,79850.00000000,479.10
2021-12-01 05:03:57.104312 +0000 UTC,25343043,buy,0.03700000,79860.00000000,2954.82
2021-12-01 05:03:57.429461 +0000 UTC,25343044,sell,0.05800000,79900.00000000,4634.20
2021-12-01 05:04:00.59528 +0000 UTC,25343045,sell,0.00200000,79500.00000000,159.00
2021-12-01 05:04:36.240942 +0000 UTC,25343047,sell,0.00500000,79560.00000000,397.80
2021-12-01 05:08:08.776771 +0000 UTC,25343065,sell,0.00400000,79700.00000000,318.80
2021-12-01 05:08:08.778382 +0000 UTC,25343068,sell,0.00922800,79690.00000000,735.38
2021-12-01 05:08:34.986417 +0000 UTC,25343075,sell,0.00331100,79690.00000000,263.85
2021-12-01 05:08:45.08886 +0000 UTC,25343076,buy,0.00200000,79750.00000000,159.50
2021-12-01 05:09:21.823805 +0000 UTC,25343080,sell,0.00246100,79690.00000000,196.12
2021-12-01 05:09:21.825704 +0000 UTC,25343083,sell,0.00253900,79690.00000000,202.33
2021-12-01 05:09:47.204028 +0000 UTC,25343086,sell,0.00100000,79620.00000000,79.62
2021-12-01 05:12:21.924802 +0000 UTC,25343102,buy,0.00600000,79650.00000000,477.90
2021-12-01 05:12:37.500035 +0000 UTC,25343104,sell,0.00081600,79730.00000000,65.06
2021-12-01 05:12:37.501718 +0000 UTC,25343107,sell,0.00118400,79730.00000000,94.40
2021-12-01 05:12:39.841518 +0000 UTC,25343109,buy,0.00100000,79780.00000000,79.78
2021-12-01 05:12:39.841897 +0000 UTC,25343110,buy,0.00100000,79810.00000000,79.81
2021-12-01 05:12:39.842271 +0000 UTC,25343111,buy,0.00962211,79910.00000000,768.90
2021-12-01 05:12:39.845033 +0000 UTC,25343114,buy,0.01200000,79920.00000000,959.04
2021-12-01 05:12:39.845739 +0000 UTC,25343115,buy,0.00300000,79930.00000000,239.79
2021-12-01 05:12:39.846059 +0000 UTC,25343116,buy,0.04600000,79930.00000000,3676.78
2021-12-01 05:12:39.846341 +0000 UTC,25343117,buy,0.00500000,79950.00000000,399.75
2021-12-01 05:12:39.846658 +0000 UTC,25343118,buy,0.00500000,79970.00000000,399.85
2021-12-01 05:12:39.931317 +0000 UTC,25343124,sell,0.00068940,79980.00000000,55.14
2021-12-01 05:12:39.946494 +0000 UTC,25343127,sell,0.00107560,79980.00000000,86.03
2021-12-01 05:12:39.961842 +0000 UTC,25343130,sell,0.00104620,79980.00000000,83.68
2021-12-01 05:12:39.970575 +0000 UTC,25343131,sell,0.19000000,79980.00000000,15196.20
2021-12-01 05:12:40.012232 +0000 UTC,25343134,sell,0.00090860,79980.00000000,72.67
2021-12-01 05:12:40.015636 +0000 UTC,25343137,sell,0.00882721,79980.00000000,706.00
2021-12-01 05:12:40.029233 +0000 UTC,25343140,sell,0.00073880,79980.00000000,59.09
2021-12-01 05:12:40.04448 +0000 UTC,25343142,sell,0.00962211,79980.00000000,769.58
2021-12-01 05:12:40.156676 +0000 UTC,25343144,sell,0.02800000,79980.00000000,2239.44
2021-12-01 05:12:40.302337 +0000 UTC,25343145,sell,0.18046997,79980.00000000,14433.99
2021-12-01 05:12:40.312423 +0000 UTC,25343146,sell,0.02600000,79730.00000000,2072.98
2021-12-01 05:12:41.548144 +0000 UTC,25343147,sell,0.02200000,79720.00000000,1753.84
2021-12-01 05:12:41.548465 +0000 UTC,25343148,sell,0.07800000,79620.00000000,6210.36
2021-12-01 05:14:25.506257 +0000 UTC,25343152,sell,0.05000000,79620.00000000,3981.00
2021-12-01 05:14:34.432184 +0000 UTC,25343156,sell,0.03953280,79620.00000000,3147.60
2021-12-01 05:15:09.766623 +0000 UTC,25343164,sell,0.00082360,79620.00000000,65.58
2021-12-01 05:16:28.915038 +0000 UTC,25343166,buy,0.02500000,79810.00000000,1995.25
2021-12-01 05:18:43.279444 +0000 UTC,25343174,buy,0.00549780,79750.00000000,438.45
2021-12-01 05:19:06.68346 +0000 UTC,25343178,sell,0.00200000,79730.00000000,159.46
2021-12-01 05:19:06.688331 +0000 UTC,25343181,buy,0.00132360,79730.00000000,105.53
2021-12-01 05:19:06.704641 +0000 UTC,25343184,sell,0.00063574,79730.00000000,50.69
2021-12-01 05:19:47.182392 +0000 UTC,25343190,buy,0.00200000,79620.00000000,159.24
2021-12-01 05:19:57.664044 +0000 UTC,25343193,buy,0.00032850,79550.00000000,26.13
2021-12-01 05:21:20.251504 +0000 UTC,25343198,sell,0.00200000,79500.00000000,159.00
2021-12-01 05:21:34.69766 +0000 UTC,25343202,sell,0.00100000,79550.00000000,79.55
2021-12-01 05:22:16.390604 +0000 UTC,25343203,sell,0.00300000,79570.00000000,238.71
2021-12-01 05:25:08.111942 +0000 UTC,25343211,sell,0.00033312,79610.00000000,26.52
2021-12-01 05:25:08.166194 +0000 UTC,25343214,sell,0.00033320,79610.00000000,26.53
2021-12-01 05:25:30.922874 +0000 UTC,25343215,sell,0.00200000,79630.00000000,159.26
2021-12-01 05:25:30.942293 +0000 UTC,25343218,buy,0.00133400,79620.00000000,106.21
2021-12-01 05:25:45.174818 +0000 UTC,25343221,sell,0.00074618,79760.00000000,59.52
2021-12-01 05:25:45.206648 +0000 UTC,25343224,buy,0.00100000,79750.00000000,79.75
2021-12-01 05:26:33.149689 +0000 UTC,25343229,buy,0.02300000,79740.00000000,1834.02
2021-12-01 05:26:33.150076 +0000 UTC,25343230,buy,0.00133590,79750.00000000,106.54
2021-12-01 05:26:33.287177 +0000 UTC,25343233,sell,0.01600000,79770.00000000,1276.32
2021-12-01 05:26:33.416975 +0000 UTC,25343235,sell,0.00100000,79770.00000000,79.77
2021-12-01 05:26:33.465152 +0000 UTC,25343242,sell,0.00033370,79770.00000000,26.62
2021-12-01 05:26:54.124609 +0000 UTC,25343243,sell,0.02000000,79770.00000000,1595.40
2021-12-01 05:26:56.099936 +0000 UTC,25343244,sell,0.00033040,79770.00000000,26.36
2021-12-01 05:27:36.872331 +0000 UTC,25343245,sell,0.00100000,79650.00000000,79.65
2021-12-01 05:28:22.159887 +0000 UTC,25343250,sell,0.00066740,79650.00000000,53.16
2021-12-01 05:28:22.174264 +0000 UTC,25343252,sell,0.00100000,79650.00000000,79.65
2021-12-01 05:28:33.881879 +0000 UTC,25343262,sell,0.01033260,79650.00000000,822.99
2021-12-01 05:28:33.882618 +0000 UTC,25343265,sell,0.00133368,79610.00000000,106.17
2021-12-01 05:28:33.95637 +0000 UTC,25343266,buy,0.00868942,79600.00000000,691.68
2021-12-01 05:30:35.205315 +0000 UTC,25343276,sell,0.00033470,79570.00000000,26.63
2021-12-01 05:30:35.252646 +0000 UTC,25343278,sell,0.00100000,79570.00000000,79.57
2021-12-01 05:30:48.382083 +0000 UTC,25343279,buy,0.00033470,79600.00000000,26.64
2021-12-01 05:30:48.385258 +0000 UTC,25343282,buy,0.00066530,79620.00000000,52.98
2021-12-01 05:35:39.424357 +0000 UTC,25343293,sell,0.00063466,79570.00000000,50.50
2021-12-01 05:35:43.538064 +0000 UTC,25343296,sell,0.00063491,79570.00000000,50.52
2021-12-01 05:36:28.033771 +0000 UTC,25343297,buy,0.00200000,79650.00000000,159.30
2021-12-01 05:36:33.150792 +0000 UTC,25343303,sell,0.00039573,79570.00000000,31.49
2021-12-01 05:37:40.661403 +0000 UTC,25343318,buy,0.00200000,79650.00000000,159.30
2021-12-01 05:37:45.08928 +0000 UTC,25343319,sell,0.00300000,79500.00000000,238.50
2021-12-01 05:37:45.089625 +0000 UTC,25343320,sell,0.01200000,79500.00000000,954.00
2021-12-01 05:38:56.657192 +0000 UTC,25343338,sell,0.00035405,79480.00000000,28.14
2021-12-01 05:38:56.912198 +0000 UTC,25343340,sell,0.00405712,79480.00000000,322.46
2021-12-01 05:38:56.913193 +0000 UTC,25343343,sell,0.00035279,79480.00000000,28.04
2021-12-01 05:38:56.915136 +0000 UTC,25343347,sell,0.00443000,79480.00000000,352.10
2021-12-01 05:39:07.945536 +0000 UTC,25343366,buy,0.00600000,79620.00000000,477.72
2021-12-01 05:39:39.919825 +0000 UTC,25343390,sell,0.00300000,79470.00000000,238.41
2021-12-01 05:39:39.952856 +0000 UTC,25343397,sell,0.00512000,79470.00000000,406.89
2021-12-01 05:40:43.864519 +0000 UTC,25343404,buy,0.00700000,79530.00000000,556.71
2021-12-01 05:41:08.049329 +0000 UTC,25343407,sell,0.00300000,79490.00000000,238.47
2021-12-01 05:41:22.595324 +0000 UTC,25343408,buy,0.00039420,79530.00000000,31.35
2021-12-01 05:41:22.650084 +0000 UTC,25343413,sell,0.00259140,79710.00000000,206.56
2021-12-01 05:41:22.661217 +0000 UTC,25343416,sell,0.00067220,79710.00000000,53.58
2021-12-01 05:41:25.977287 +0000 UTC,25343419,sell,0.00134220,79710.00000000,106.99
2021-12-01 05:41:55.858906 +0000 UTC,25343420,buy,0.00600000,79720.00000000,478.32
2021-12-01 05:42:42.979643 +0000 UTC,25343426,buy,0.00248340,79590.00000000,197.65
2021-12-01 05:43:22.826462 +0000 UTC,25343431,sell,0.00051660,79610.00000000,41.13
2021-12-01 05:45:04.448841 +0000 UTC,25343434,buy,0.00100000,79540.00000000,79.54
2021-12-01 05:46:34.354017 +0000 UTC,25343440,buy,0.00049346,79710.00000000,39.33
2021-12-01 05:46:34.411244 +0000 UTC,25343445,sell,0.00067300,79720.00000000,53.65
2021-12-01 05:46:50.218387 +0000 UTC,25343446,sell,0.00200000,79720.00000000,159.44
2021-12-01 05:46:52.352207 +0000 UTC,25343447,sell,0.00083354,79720.00000000,66.45
2021-12-01 05:46:52.352517 +0000 UTC,25343448,sell,0.00100000,79710.00000000,79.71
2021-12-01 05:47:22.822564 +0000 UTC,25343452,sell,0.00400000,79560.00000000,318.24
2021-12-01 05:47:25.317016 +0000 UTC,25343457,sell,0.00033710,79470.00000000,26.79
2021-12-01 05:47:51.188484 +0000 UTC,25343459,sell,0.00057294,79640.00000000,45.63
2021-12-01 05:47:51.190236 +0000 UTC,25343462,sell,0.00942706,79600.00000000,750.39
2021-12-01 05:47:54.885936 +0000 UTC,25343469,sell,0.00427807,79630.00000000,340.66
2021-12-01 05:47:54.887714 +0000 UTC,25343472,sell,0.00572193,79600.00000000,455.47
2021-12-01 05:48:07.678548 +0000 UTC,25343478,sell,0.00200000,79620.00000000,159.24
2021-12-01 05:48:13.424974 +0000 UTC,25343482,buy,0.01088037,79660.00000000,866.73
2021-12-01 05:48:25.325908 +0000 UTC,25343498,buy,0.00049774,79640.00000000,39.64
2021-12-01 05:49:00.5017 +0000 UTC,25343513,sell,0.00054290,79470.00000000,43.14
2021-12-01 05:49:00.502739 +0000 UTC,25343517,sell,0.00100000,79450.00000000,79.45
2021-12-01 05:49:00.50353 +0000 UTC,25343520,sell,0.00100000,79440.00000000,79.44
2021-12-01 05:49:00.504305 +0000 UTC,25343523,sell,0.01481570,79440.00000000,1176.96
2021-12-01 05:49:42.426425 +0000 UTC,25343524,sell,0.00100000,79430.00000000,79.43
2021-12-01 05:49:42.426765 +0000 UTC,25343525,sell,0.00400000,79430.00000000,317.72
2021-12-01 05:49:50.674662 +0000 UTC,25343539,sell,0.00600000,79430.00000000,476.58
2021-12-01 05:50:10.461917 +0000 UTC,25343541,buy,0.00100000,79620.00000000,79.62
2021-12-01 05:50:49.812578 +0000 UTC,25343549,sell,0.00100000,79420.00000000,79.42
2021-12-01 05:50:58.863195 +0000 UTC,25343550,buy,0.00100000,79620.00000000,79.62
2021-12-01 05:51:07.28232 +0000 UTC,25343553,sell,0.00082600,79420.00000000,65.60
2021-12-01 05:51:56.976133 +0000 UTC,25343555,buy,0.00100000,79590.00000000,79.59
2021-12-01 05:52:09.248436 +0000 UTC,25343556,sell,0.00100000,79420.00000000,79.42
2021-12-01 05:52:58.18101 +0000 UTC,25343561,sell,0.00536320,79440.00000000,426.05
2021-12-01 05:53:37.551427 +0000 UTC,25343568,sell,0.02117400,79420.00000000,1681.64
2021-12-01 05:53:37.551749 +0000 UTC,25343569,sell,0.00100000,79420.00000000,79.42
2021-12-01 05:53:37.55201 +0000 UTC,25343570,sell,0.00100000,79390.00000000,79.39
2021-12-01 05:53:37.552298 +0000 UTC,25343571,sell,0.00400000,79370.00000000,317.48
2021-12-01 05:53:54.770791 +0000 UTC,25343573,buy,0.04100000,79370.00000000,3254.17
2021-12-01 05:53:56.924812 +0000 UTC,25343577,buy,0.00082600,79370.00000000,65.56
2021-12-01 05:53:56.944071 +0000 UTC,25343578,sell,0.00100000,79390.00000000,79.39
2021-12-01 05:54:23.935458 +0000 UTC,25343582,buy,0.00300000,79430.00000000,238.29
2021-12-01 05:55:03.836361 +0000 UTC,25343585,buy,0.00063680,79430.00000000,50.58
2021-12-01 05:55:20.077476 +0000 UTC,25343586,sell,0.00337920,79520.00000000,268.71
2021-12-01 05:55:20.079353 +0000 UTC,25343589,sell,0.00033460,79520.00000000,26.61
2021-12-01 05:55:42.704786 +0000 UTC,25343594,sell,0.00599119,79390.00000000,475.64
2021-12-01 05:55:42.722231 +0000 UTC,25343600,buy,0.00600000,79330.00000000,475.98
2021-12-01 05:55:43.722446 +0000 UTC,25343603,sell,0.00434720,79360.00000000,344.99
2021-12-01 05:55:56.403031 +0000 UTC,25343606,buy,0.00300000,79370.00000000,238.11
2021-12-01 05:56:09.529238 +0000 UTC,25343609,buy,0.00256970,79370.00000000,203.96
2021-12-01 05:56:09.530961 +0000 UTC,25343612,buy,0.02800000,79530.00000000,2226.84
2021-12-01 05:56:09.531267 +0000 UTC,25343613,buy,0.00143030,79540.00000000,113.77
2021-12-01 05:57:10.46616 +0000 UTC,25343616,sell,0.00033420,79320.00000000,26.51
2021-12-01 05:57:10.468256 +0000 UTC,25343619,sell,0.01466580,79300.00000000,1162.99
2021-12-01 05:57:11.551381 +0000 UTC,25343620,sell,0.01500000,79300.00000000,1189.50
2021-12-01 05:58:30.599037 +0000 UTC,25343635,buy,0.02600000,79570.00000000,2068.82
2021-12-01 05:58:31.032391 +0000 UTC,25343636,sell,0.04700000,79570.00000000,3739.79
2021-12-01 06:00:05.178882 +0000 UTC,25343673,buy,0.00100000,79560.00000000,79.56
2021-12-01 06:01:08.094067 +0000 UTC,25343675,sell,0.00200000,79290.00000000,158.58
2021-12-01 06:02:17.247469 +0000 UTC,25343678,sell,0.00087904,79290.00000000,69.70
2021-12-01 06:03:31.361127 +0000 UTC,25343693,sell,0.00276900,79320.00000000,219.64
2021-12-01 06:04:28.965054 +0000 UTC,25343695,buy,0.00200000,79480.00000000,158.96
2021-12-01 06:05:24.913948 +0000 UTC,25343696,buy,0.01900000,79470.00000000,1509.93
2021-12-01 06:05:24.922623 +0000 UTC,25343697,buy,0.00100000,79480.00000000,79.48
2021-12-01 06:06:07.800787 +0000 UTC,25343709,buy,0.01400000,79470.00000000,1112.58
2021-12-01 06:06:07.80111 +0000 UTC,25343710,buy,0.01600000,79470.00000000,1271.52
2021-12-01 06:06:49.493283 +0000 UTC,25343713,sell,0.00100000,79360.00000000,79.36
2021-12-01 06:10:13.262346 +0000 UTC,25343735,buy,0.00100000,79480.00000000,79.48
2021-12-01 06:11:14.571391 +0000 UTC,25343753,buy,0.00100000,79560.00000000,79.56
2021-12-01 06:11:47.485914 +0000 UTC,25343756,buy,0.00018297,79630.00000000,14.57
2021-12-01 06:11:47.487786 +0000 UTC,25343759,buy,0.00200000,79710.00000000,159.42
2021-12-01 06:11:47.664582 +0000 UTC,25343761,sell,0.00781703,79730.00000000,623.25
2021-12-01 06:12:44.051594 +0000 UTC,25343769,buy,0.00060300,79540.00000000,47.96
2021-12-01 06:14:22.169277 +0000 UTC,25343783,buy,0.00600000,79580.00000000,477.48
2021-12-01 06:14:43.237351 +0000 UTC,25343788,buy,0.00247410,79670.00000000,197.11
2021-12-01 06:14:43.239203 +0000 UTC,25343791,buy,0.01400000,79850.00000000,1117.90
2021-12-01 06:14:43.407171 +0000 UTC,25343794,sell,0.00412440,79850.00000000,329.33
2021-12-01 06:14:43.417148 +0000 UTC,25343796,sell,0.00354064,79850.00000000,282.72
2021-12-01 06:14:43.418698 +0000 UTC,25343799,sell,0.00035116,79850.00000000,28.04
2021-12-01 06:14:43.588929 +0000 UTC,25343804,sell,0.00350970,79850.00000000,280.25
2021-12-01 06:14:43.589233 +0000 UTC,25343805,sell,0.00749030,79460.00000000,595.17
2021-12-01 06:15:12.510216 +0000 UTC,25343808,buy,0.00600000,79770.00000000,478.62
2021-12-01 06:15:12.511154 +0000 UTC,25343811,buy,0.01200000,79770.00000000,957.24
2021-12-01 06:15:12.670677 +0000 UTC,25343812,sell,0.00200000,79860.00000000,159.72
2021-12-01 06:15:12.689054 +0000 UTC,25343815,buy,0.00164940,79760.00000000,131.56
2021-12-01 06:15:12.970611 +0000 UTC,25343818,sell,0.00300000,79860.00000000,239.58
2021-12-01 06:15:16.419372 +0000 UTC,25343834,sell,0.00400000,79790.00000000,319.16
2021-12-01 06:15:18.225835 +0000 UTC,25343841,buy,0.00062861,79890.00000000,50.22
2021-12-01 06:15:19.463878 +0000 UTC,25343842,sell,0.00099810,79860.00000000,79.71
2021-12-01 06:15:32.631987 +0000 UTC,25343849,buy,0.00700000,79750.00000000,558.25
2021-12-01 06:16:06.089198 +0000 UTC,25343850,buy,0.00300000,79750.00000000,239.25
2021-12-01 06:17:49.184434 +0000 UTC,25343858,buy,0.00900000,79720.00000000,717.48
2021-12-01 06:17:49.184769 +0000 UTC,25343859,buy,0.00300000,79730.00000000,239.19
2021-12-01 06:17:53.393919 +0000 UTC,25343860,buy,0.00100000,79720.00000000,79.72
2021-12-01 06:18:07.916176 +0000 UTC,25343863,sell,0.00100000,79750.00000000,79.75
2021-12-01 06:19:19.53184 +0000 UTC,25343935,buy,0.00100000,79900.00000000,79.90
2021-12-01 06:19:19.70702 +0000 UTC,25343940,sell,0.00800000,79900.00000000,639.20
2021-12-01 06:19:50.105103 +0000 UTC,25343981,buy,0.00100000,79930.00000000,79.93
2021-12-01 06:20:29.409766 +0000 UTC,25343995,sell,0.59600000,79610.00000000,47447.56
2021-12-01 06:20:29.412797 +0000 UTC,25343998,sell,0.06800000,79610.00000000,5413.48
2021-12-01 06:20:29.421724 +0000 UTC,25344005,sell,0.12000000,79610.00000000,9553.20
2021-12-01 06:21:30.676619 +0000 UTC,25344011,buy,0.06700000,79650.00000000,5336.55
2021-12-01 06:21:32.554421 +0000 UTC,25344016,sell,0.00015796,79640.00000000,12.58
2021-12-01 06:22:04.080991 +0000 UTC,25344022,buy,0.00300000,79810.00000000,239.43
2021-12-01 06:22:53.175269 +0000 UTC,25344029,buy,0.03300000,79560.00000000,2625.48
2021-12-01 06:22:53.331539 +0000 UTC,25344032,buy,0.00044560,79560.00000000,35.45
2021-12-01 06:26:37.048518 +0000 UTC,25344100,buy,0.00200000,79550.00000000,159.10
2021-12-01 06:26:40.327539 +0000 UTC,25344103,buy,0.00200000,79550.00000000,159.10
2021-12-01 06:26:49.620285 +0000 UTC,25344106,buy,0.00500000,79550.00000000,397.75
2021-12-01 06:26:51.20034 +0000 UTC,25344109,buy,0.00007048,79550.00000000,5.61
2021-12-01 06:27:46.506646 +0000 UTC,25344117,buy,0.00241780,79680.00000000,192.65
2021-12-01 06:27:46.508545 +0000 UTC,25344120,buy,0.00201420,79690.00000000,160.51
2021-12-01 06:27:46.510438 +0000 UTC,25344123,buy,0.00103620,79710.00000000,82.60
2021-12-01 06:29:24.904057 +0000 UTC,25344135,sell,0.00700000,79740.00000000,558.18
2021-12-01 06:29:26.04883 +0000 UTC,25344136,sell,0.00053180,79740.00000000,42.41
2021-12-01 06:31:25.332794 +0000 UTC,25344154,buy,0.01170030,79660.00000000,932.05
2021-12-01 06:31:42.082995 +0000 UTC,25344155,sell,0.00300000,79510.00000000,238.53
2021-12-01 06:32:30.253521 +0000 UTC,25344158,sell,0.00067080,79630.00000000,53.42
2021-12-01 06:33:06.48423 +0000 UTC,25344164,sell,0.00300000,79450.00000000,238.35
2021-12-01 06:33:06.485023 +0000 UTC,25344167,sell,0.00200000,79440.00000000,158.88
2021-12-01 06:33:06.727796 +0000 UTC,25344175,buy,0.00012106,79420.00000000,9.61
2021-12-01 06:33:06.731454 +0000 UTC,25344178,sell,0.00067080,79450.00000000,53.30
2021-12-01 06:33:06.762576 +0000 UTC,25344182,buy,0.02300000,79620.00000000,1831.26
2021-12-01 06:34:04.765474 +0000 UTC,25344194,sell,0.01700000,79360.00000000,1349.12
2021-12-01 06:34:04.766133 +0000 UTC,25344197,sell,0.00300000,79360.00000000,238.08
2021-12-01 06:34:04.937552 +0000 UTC,25344198,buy,0.01372438,79360.00000000,1089.17
2021-12-01 06:34:26.438326 +0000 UTC,25344202,buy,0.00069680,79370.00000000,55.31
2021-12-01 06:34:26.441987 +0000 UTC,25344205,sell,0.00070400,79540.00000000,56.00
2021-12-01 06:34:26.44403 +0000 UTC,25344208,sell,0.00029600,79540.00000000,23.54
2021-12-01 06:34:26.676758 +0000 UTC,25344211,sell,0.00005600,79540.00000000,4.45
2021-12-01 06:34:26.680313 +0000 UTC,25344214,buy,0.00100000,79490.00000000,79.49
2021-12-01 06:35:15.071242 +0000 UTC,25344220,sell,0.00300000,79370.00000000,238.11
2021-12-01 06:35:26.181356 +0000 UTC,25344223,buy,0.00082970,79420.00000000,65.89
2021-12-01 06:35:26.212632 +0000 UTC,25344226,sell,0.00100000,79430.00000000,79.43
2021-12-01 06:36:41.737977 +0000 UTC,25344234,sell,0.00100000,79480.00000000,79.48
2021-12-01 06:36:45.971996 +0000 UTC,25344240,sell,0.00100000,79480.00000000,79.48
2021-12-01 06:36:45.97764 +0000 UTC,25344243,buy,0.00043082,79410.00000000,34.21
2021-12-01 06:37:18.09238 +0000 UTC,25344246,sell,0.00500000,79480.00000000,397.40
2021-12-01 06:37:35.030031 +0000 UTC,25344247,sell,0.00200000,79480.00000000,158.96
2021-12-01 06:38:23.1621 +0000 UTC,25344264,sell,0.01000000,79600.00000000,796.00
2021-12-01 06:38:23.201434 +0000 UTC,25344267,buy,0.00995640,79600.00000000,792.53
2021-12-01 06:40:18.914481 +0000 UTC,25344294,buy,0.00500000,79440.00000000,397.20
2021-12-01 06:40:23.766756 +0000 UTC,25344297,buy,0.00081700,79440.00000000,64.90
2021-12-01 06:41:58.633456 +0000 UTC,25344313,sell,0.00249300,79540.00000000,198.29
2021-12-01 06:41:58.66568 +0000 UTC,25344318,sell,0.00147976,79540.00000000,117.70
2021-12-01 06:42:33.465497 +0000 UTC,25344326,sell,0.00082970,79540.00000000,65.99
2021-12-01 06:43:07.233452 +0000 UTC,25344328,buy,0.00100000,79620.00000000,79.62
2021-12-01 06:43:32.923446 +0000 UTC,25344333,sell,0.00033640,79540.00000000,26.76
2021-12-01 06:44:10.030605 +0000 UTC,25344335,buy,0.00200000,79620.00000000,159.24
2021-12-01 06:44:54.120998 +0000 UTC,25344338,buy,0.00197820,79620.00000000,157.50
2021-12-01 06:44:54.122953 +0000 UTC,25344341,buy,0.12302180,79630.00000000,9796.23
2021-12-01 06:45:22.096513 +0000 UTC,25344342,sell,0.01200000,79620.00000000,955.44
2021-12-01 06:47:06.001553 +0000 UTC,25344369,buy,0.00100000,79720.00000000,79.72
2021-12-01 06:47:50.583533 +0000 UTC,25344375,sell,0.00600000,79570.00000000,477.42
2021-12-01 06:48:35.862673 +0000 UTC,25344377,buy,0.13100000,79720.00000000,10443.32
2021-12-01 06:48:35.863033 +0000 UTC,25344378,buy,0.00400000,79720.00000000,318.88
2021-12-01 06:48:37.839878 +0000 UTC,25344381,sell,0.00054680,79720.00000000,43.59
2021-12-01 06:50:51.382095 +0000 UTC,25344396,sell,0.05545320,79720.00000000,4420.73
2021-12-01 06:50:52.134704 +0000 UTC,25344405,sell,0.18800000,79650.00000000,14974.20
2021-12-01 06:50:52.135463 +0000 UTC,25344408,sell,0.40355200,79650.00000000,32142.92
2021-12-01 06:50:52.217252 +0000 UTC,25344413,sell,0.18800000,79650.00000000,14974.20
2021-12-01 06:51:17.832147 +0000 UTC,25344415,buy,0.00200000,79800.00000000,159.60
2021-12-01 06:51:19.909298 +0000 UTC,25344418,sell,0.02389100,79810.00000000,1906.74
2021-12-01 06:51:33.940553 +0000 UTC,25344420,sell,0.07000000,79810.00000000,5586.70
2021-12-01 06:51:34.25087 +0000 UTC,25344421,sell,0.00010900,79810.00000000,8.70
2021-12-01 06:52:06.129366 +0000 UTC,25344432,buy,0.00023273,79750.00000000,18.56
2021-12-01 06:52:58.307662 +0000 UTC,25344448,buy,0.00200000,79590.00000000,159.18
2021-12-01 06:53:25.660324 +0000 UTC,25344487,buy,0.00300000,79680.00000000,239.04
2021-12-01 06:53:40.283566 +0000 UTC,25344490,buy,0.06200000,79710.00000000,4942.02
2021-12-01 06:54:18.198206 +0000 UTC,25344510,sell,0.00886114,79540.00000000,704.82
2021-12-01 06:54:22.655266 +0000 UTC,25344511,buy,0.00200000,79530.00000000,159.06
2021-12-01 06:54:25.646773 +0000 UTC,25344512,buy,0.00200000,79530.00000000,159.06
2021-12-01 06:54:28.46046 +0000 UTC,25344513,buy,0.00200000,79530.00000000,159.06
2021-12-01 06:54:31.213057 +0000 UTC,25344514,buy,0.00200000,79530.00000000,159.06
2021-12-01 06:54:34.011906 +0000 UTC,25344515,buy,0.00200000,79530.00000000,159.06
2021-12-01 06:54:36.900025 +0000 UTC,25344517,buy,0.00200000,79530.00000000,159.06
2021-12-01 06:54:39.63555 +0000 UTC,25344519,buy,0.00200000,79530.00000000,159.06
2021-12-01 06:54:42.678154 +0000 UTC,25344520,buy,0.00200000,79530.00000000,159.06
2021-12-01 06:54:46.079696 +0000 UTC,25344521,buy,0.00200000,79530.00000000,159.06
2021-12-01 06:54:49.282364 +0000 UTC,25344523,buy,0.00200000,79530.00000000,159.06
2021-12-01 06:54:52.006249 +0000 UTC,25344524,buy,0.00200000,79530.00000000,159.06
2021-12-01 06:55:06.372767 +0000 UTC,25344527,buy,0.00020546,79530.00000000,16.34
2021-12-01 06:56:35.163211 +0000 UTC,25344529,buy,0.00493340,79530.00000000,392.35
2021-12-01 06:57:25.478952 +0000 UTC,25344530,buy,0.00300000,79710.00000000,239.13
2021-12-01 06:58:04.892995 +0000 UTC,25344531,buy,0.00100000,79680.00000000,79.68
2021-12-01 06:58:51.547322 +0000 UTC,25344544,sell,0.00011968,79530.00000000,9.52
2021-12-01 06:58:51.549161 +0000 UTC,25344547,sell,0.00210933,79530.00000000,167.76
2021-12-01 06:58:51.551033 +0000 UTC,25344550,sell,0.00017578,79530.00000000,13.98
2021-12-01 06:58:51.554008 +0000 UTC,25344553,sell,0.00052733,79530.00000000,41.94
2021-12-01 06:58:51.555651 +0000 UTC,25344556,sell,0.00006788,79530.00000000,5.40
2021-12-01 06:58:51.598015 +0000 UTC,25344566,sell,0.00045480,79520.00000000,36.17
2021-12-01 06:58:51.64787 +0000 UTC,25344570,sell,0.00016620,79520.00000000,13.22
2021-12-01 06:58:51.696969 +0000 UTC,25344580,sell,0.00066540,79520.00000000,52.91
2021-12-01 07:01:28.709421 +0000 UTC,25344606,sell,0.00700000,79520.00000000,556.64
2021-12-01 07:01:28.709733 +0000 UTC,25344607,sell,0.02400000,79520.00000000,1908.48
2021-12-01 07:02:07.519543 +0000 UTC,25344609,sell,0.00200000,79660.00000000,159.32
2021-12-01 07:02:39.112409 +0000 UTC,25344617,buy,0.00200000,79420.00000000,158.84
2021-12-01 07:02:42.223178 +0000 UTC,25344618,buy,0.00200000,79420.00000000,158.84
2021-12-01 07:02:45.79293 +0000 UTC,25344619,buy,0.00200000,79420.00000000,158.84
2021-12-01 07:02:47.762409 +0000 UTC,25344620,buy,0.00100000,79420.00000000,79.42
2021-12-01 07:02:54.553183 +0000 UTC,25344621,buy,0.01900000,79620.00000000,1512.78
2021-12-01 07:04:30.250394 +0000 UTC,25344627,sell,0.00017544,79420.00000000,13.93
2021-12-01 07:06:33.204902 +0000 UTC,25344633,buy,0.00099761,79540.00000000,79.35
2021-12-01 07:07:24.30762 +0000 UTC,25344639,buy,0.00600000,79540.00000000,477.24
2021-12-01 07:07:47.537646 +0000 UTC,25344641,buy,0.00200000,79540.00000000,159.08
2021-12-01 07:07:50.272372 +0000 UTC,25344642,buy,0.00200000,79540.00000000,159.08
2021-12-01 07:08:08.683602 +0000 UTC,25344644,buy,0.00200000,79570.00000000,159.14
2021-12-01 07:08:13.975838 +0000 UTC,25344645,buy,0.00200000,79570.00000000,159.14
2021-12-01 07:08:22.209391 +0000 UTC,25344648,buy,0.00827825,79570.00000000,658.70
2021-12-01 07:08:26.163591 +0000 UTC,25344649,buy,0.30000000,79570.00000000,23871.00
2021-12-01 07:08:27.241168 +0000 UTC,25344650,buy,0.08300000,79570.00000000,6604.31
2021-12-01 07:08:28.56981 +0000 UTC,25344653,buy,0.14500000,79600.00000000,11542.00
2021-12-01 07:08:29.176799 +0000 UTC,25344654,buy,0.30000000,79600.00000000,23880.00
2021-12-01 07:08:46.340982 +0000 UTC,25344657,buy,0.00200000,79730.00000000,159.46
2021-12-01 07:08:49.680632 +0000 UTC,25344658,buy,0.00200000,79730.00000000,159.46
2021-12-01 07:08:55.958189 +0000 UTC,25344659,buy,0.00033330,79750.00000000,26.58
2021-12-01 07:08:55.960046 +0000 UTC,25344662,buy,0.00166670,79760.00000000,132.94
2021-12-01 07:08:59.578537 +0000 UTC,25344663,buy,0.00200000,79760.00000000,159.52
2021-12-01 07:09:03.202727 +0000 UTC,25344670,buy,0.00200000,79760.00000000,159.52
2021-12-01 07:09:06.131657 +0000 UTC,25344682,sell,0.59600000,79630.00000000,47459.48
2021-12-01 07:09:06.13233 +0000 UTC,25344685,sell,0.00016010,79620.00000000,12.75
2021-12-01 07:09:06.167679 +0000 UTC,25344690,sell,0.18783990,79620.00000000,14955.81
2021-12-01 07:09:06.69314 +0000 UTC,25344695,buy,0.00200000,79760.00000000,159.52
2021-12-01 07:09:28.1755 +0000 UTC,25344739,buy,0.00200000,79830.00000000,159.66
2021-12-01 07:09:31.940387 +0000 UTC,25344752,buy,0.00200000,79830.00000000,159.66
2021-12-01 07:09:32.785944 +0000 UTC,25344762,buy,0.30000000,79830.00000000,23949.00
2021-12-01 07:09:33.766061 +0000 UTC,25344766,buy,0.30000000,79920.00000000,23976.00
2021-12-01 07:09:39.165388 +0000 UTC,25344776,buy,0.00200000,79870.00000000,159.74
2021-12-01 07:09:45.831647 +0000 UTC,25344786,buy,0.00200000,79870.00000000,159.74
2021-12-01 07:09:49.616174 +0000 UTC,25344790,buy,0.00200000,79870.00000000,159.74
2021-12-01 07:09:53.078296 +0000 UTC,25344794,buy,0.00200000,79870.00000000,159.74
2021-12-01 07:10:03.653736 +0000 UTC,25344804,buy,0.28900000,79840.00000000,23073.76
2021-12-01 07:10:03.948156 +0000 UTC,25344805,buy,0.00200000,79840.00000000,159.68
2021-12-01 07:10:06.056294 +0000 UTC,25344809,buy,0.30000000,79840.00000000,23952.00
2021-12-01 07:10:10.680239 +0000 UTC,25344813,buy,0.00200000,79870.00000000,159.74
2021-12-01 07:10:10.900972 +0000 UTC,25344814,buy,0.30000000,79870.00000000,23961.00
2021-12-01 07:10:11.904853 +0000 UTC,25344818,buy,0.30000000,79870.00000000,23961.00
2021-12-01 07:10:12.73475 +0000 UTC,25344819,buy,0.00200000,79870.00000000,159.74
2021-12-01 07:10:13.292844 +0000 UTC,25344820,buy,0.30000000,79870.00000000,23961.00
2021-12-01 07:10:18.075254 +0000 UTC,25344824,buy,0.00200000,79870.00000000,159.74
2021-12-01 07:10:21.785477 +0000 UTC,25344828,buy,0.00200000,79870.00000000,159.74
2021-12-01 07:10:27.289505 +0000 UTC,25344835,buy,0.16900000,79840.00000000,13492.96
2021-12-01 07:10:46.570126 +0000 UTC,25344857,buy,0.07000000,79840.00000000,5588.80
2021-12-01 07:11:01.478292 +0000 UTC,25344871,buy,0.07500000,79630.00000000,5972.25
2021-12-01 07:11:01.533004 +0000 UTC,25344875,buy,0.09900000,79790.00000000,7899.21
2021-12-01 07:11:15.56381 +0000 UTC,25344885,buy,0.00200000,79820.00000000,159.64
2021-12-01 07:11:19.293259 +0000 UTC,25344889,buy,0.00200000,79820.00000000,159.64
2021-12-01 07:11:26.357295 +0000 UTC,25344900,buy,0.00200000,79880.00000000,159.76
2021-12-01 07:11:27.354679 +0000 UTC,25344908,buy,0.00037440,79890.00000000,29.91
2021-12-01 07:11:29.759852 +0000 UTC,25344909,buy,0.00200000,79880.00000000,159.76
2021-12-01 07:11:53.995484 +0000 UTC,25344946,sell,0.00900000,79640.00000000,716.76
2021-12-01 07:12:42.213964 +0000 UTC,25344997,sell,0.31400000,79610.00000000,24997.54
2021-12-01 07:13:14.671369 +0000 UTC,25344999,sell,0.00200000,79580.00000000,159.16
2021-12-01 07:13:26.683453 +0000 UTC,25345002,buy,0.00037440,79890.00000000,29.91
2021-12-01 07:13:39.007962 +0000 UTC,25345004,buy,0.00400000,79890.00000000,319.56
2021-12-01 07:16:16.858864 +0000 UTC,25345011,buy,0.12200000,79960.00000000,9755.12
2021-12-01 07:16:16.867855 +0000 UTC,25345012,buy,0.00046544,79970.00000000,37.22
2021-12-01 07:16:16.878405 +0000 UTC,25345015,buy,0.03800000,79980.00000000,3039.24
2021-12-01 07:16:25.676996 +0000 UTC,25345017,buy,0.01700000,79980.00000000,1359.66
2021-12-01 07:16:25.685838 +0000 UTC,25345018,buy,0.00753456,80020.00000000,602.92
2021-12-01 07:16:25.697885 +0000 UTC,25345021,buy,0.01000000,80050.00000000,800.50
2021-12-01 07:17:12.786276 +0000 UTC,25345037,buy,0.23500000,80020.00000000,18804.70
2021-12-01 07:17:24.063414 +0000 UTC,25345039,buy,0.30000000,79990.00000000,23997.00
2021-12-01 07:17:52.052281 +0000 UTC,25345045,sell,0.00045430,79890.00000000,36.29
2021-12-01 07:17:55.5594 +0000 UTC,25345046,buy,0.30000000,79930.00000000,23979.00
2021-12-01 07:17:56.530344 +0000 UTC,25345047,buy,0.30000000,79930.00000000,23979.00
2021-12-01 07:18:16.77534 +0000 UTC,25345049,buy,0.30000000,79960.00000000,23988.00
2021-12-01 07:18:17.994306 +0000 UTC,25345050,buy,0.30000000,79960.00000000,23988.00
2021-12-01 07:18:19.35742 +0000 UTC,25345051,buy,0.30000000,79960.00000000,23988.00
2021-12-01 07:18:25.99855 +0000 UTC,25345054,buy,0.00075060,79960.00000000,60.02
2021-12-01 07:18:27.769271 +0000 UTC,25345055,buy,0.30000000,79960.00000000,23988.00
2021-12-01 07:18:30.251608 +0000 UTC,25345056,buy,0.30000000,79990.00000000,23997.00
2021-12-01 07:18:31.289746 +0000 UTC,25345057,buy,0.30000000,79990.00000000,23997.00
2021-12-01 07:18:41.239448 +0000 UTC,25345058,buy,0.30000000,80020.00000000,24006.00
2021-12-01 07:18:44.2029 +0000 UTC,25345059,buy,0.30000000,80020.00000000,24006.00
2021-12-01 07:19:07.398775 +0000 UTC,25345064,buy,0.00700000,80050.00000000,560.35
2021-12-01 07:19:07.40928 +0000 UTC,25345067,buy,0.11600000,80070.00000000,9288.12
2021-12-01 07:19:07.418291 +0000 UTC,25345068,buy,0.17700000,80080.00000000,14174.16
2021-12-01 07:19:14.400178 +0000 UTC,25345069,buy,0.00450960,80020.00000000,360.86
2021-12-01 07:19:14.412045 +0000 UTC,25345072,buy,0.01800000,80140.00000000,1442.52
2021-12-01 07:19:46.644826 +0000 UTC,25345074,buy,0.30000000,80050.00000000,24015.00
2021-12-01 07:19:53.992291 +0000 UTC,25345075,buy,0.01000000,79830.00000000,798.30
2021-12-01 07:19:54.232837 +0000 UTC,25345076,buy,0.00045430,79830.00000000,36.26
2021-12-01 07:19:54.241822 +0000 UTC,25345077,buy,0.02800000,80080.00000000,2242.24
2021-12-01 07:20:01.938981 +0000 UTC,25345078,buy,0.19200000,80080.00000000,15375.36
2021-12-01 07:20:02.977914 +0000 UTC,25345079,buy,0.06800000,80110.00000000,5447.48
2021-12-01 07:20:12.09418 +0000 UTC,25345080,buy,0.00100000,80110.00000000,80.11
2021-12-01 07:20:31.195533 +0000 UTC,25345081,buy,0.06800000,80040.00000000,5442.72
2021-12-01 07:20:33.034483 +0000 UTC,25345082,buy,0.07800000,80020.00000000,6241.56
2021-12-01 07:20:39.108736 +0000 UTC,25345083,buy,0.00100000,80020.00000000,80.02
2021-12-01 07:20:48.44185 +0000 UTC,25345084,buy,0.18000000,79960.00000000,14392.80
2021-12-01 07:20:48.776829 +0000 UTC,25345085,buy,0.25400000,79960.00000000,20309.84
2021-12-01 07:20:50.718187 +0000 UTC,25345086,buy,0.26900000,79960.00000000,21509.24
2021-12-01 07:21:23.205907 +0000 UTC,25345088,buy,0.00200000,79930.00000000,159.86
2021-12-01 07:21:26.742124 +0000 UTC,25345091,buy,0.00200000,79930.00000000,159.86
2021-12-01 07:21:30.436331 +0000 UTC,25345093,buy,0.00200000,79930.00000000,159.86
2021-12-01 07:21:34.063132 +0000 UTC,25345095,buy,0.00200000,79930.00000000,159.86
2021-12-01 07:21:37.498633 +0000 UTC,25345097,buy,0.00200000,79930.00000000,159.86
2021-12-01 07:21:40.891049 +0000 UTC,25345099,buy,0.00200000,79900.00000000,159.80
2021-12-01 07:21:44.62681 +0000 UTC,25345101,buy,0.00200000,79900.00000000,159.80
2021-12-01 07:21:48.23011 +0000 UTC,25345103,buy,0.00200000,79900.00000000,159.80
2021-12-01 07:21:51.679622 +0000 UTC,25345105,buy,0.00200000,79900.00000000,159.80
2021-12-01 07:21:55.182796 +0000 UTC,25345107,buy,0.00200000,79900.00000000,159.80
2021-12-01 07:21:58.412555 +0000 UTC,25345109,buy,0.00300000,79900.00000000,239.70
2021-12-01 07:21:58.776909 +0000 UTC,25345110,buy,0.00200000,79900.00000000,159.80
2021-12-01 07:22:02.614796 +0000 UTC,25345112,buy,0.00200000,79900.00000000,159.80
2021-12-01 07:22:06.916782 +0000 UTC,25345114,buy,0.00200000,79930.00000000,159.86
2021-12-01 07:22:10.450561 +0000 UTC,25345116,buy,0.00200000,79930.00000000,159.86
2021-12-01 07:22:17.3548 +0000 UTC,25345119,buy,0.00200000,79900.00000000,159.80
2021-12-01 07:22:21.140093 +0000 UTC,25345123,buy,0.00200000,79860.00000000,159.72
2021-12-01 07:22:21.682527 +0000 UTC,25345126,buy,0.00050854,79860.00000000,40.61
2021-12-01 07:22:27.815675 +0000 UTC,25345132,buy,0.00200000,79960.00000000,159.92
2021-12-01 07:22:31.439045 +0000 UTC,25345133,buy,0.00200000,79960.00000000,159.92
2021-12-01 07:22:34.728751 +0000 UTC,25345134,buy,0.00200000,79960.00000000,159.92
2021-12-01 07:22:38.01443 +0000 UTC,25345135,buy,0.00200000,79960.00000000,159.92
2021-12-01 07:22:41.290076 +0000 UTC,25345136,buy,0.00200000,79930.00000000,159.86
2021-12-01 07:22:44.55898 +0000 UTC,25345137,buy,0.00200000,79930.00000000,159.86
2021-12-01 07:22:47.883198 +0000 UTC,25345139,buy,0.00200000,79930.00000000,159.86
2021-12-01 07:22:51.264017 +0000 UTC,25345140,buy,0.00200000,79950.00000000,159.90
2021-12-01 07:22:54.628224 +0000 UTC,25345141,buy,0.00200000,79950.00000000,159.90
2021-12-01 07:22:58.425603 +0000 UTC,25345142,buy,0.00200000,79950.00000000,159.90
2021-12-01 07:23:02.425294 +0000 UTC,25345143,buy,0.00200000,79950.00000000,159.90
2021-12-01 07:23:12.648019 +0000 UTC,25345144,buy,0.00200000,79960.00000000,159.92
2021-12-01 07:23:16.155517 +0000 UTC,25345145,buy,0.00200000,79960.00000000,159.92
2021-12-01 07:23:18.538274 +0000 UTC,25345148,buy,0.00113010,79930.00000000,90.33
2021-12-01 07:23:19.40544 +0000 UTC,25345149,buy,0.00200000,79930.00000000,159.86
2021-12-01 07:23:22.85167 +0000 UTC,25345150,buy,0.00200000,79930.00000000,159.86
2021-12-01 07:23:26.262137 +0000 UTC,25345151,buy,0.00200000,79930.00000000,159.86
2021-12-01 07:23:29.443253 +0000 UTC,25345152,buy,0.00200000,79930.00000000,159.86
2021-12-01 07:23:32.795782 +0000 UTC,25345166,buy,0.00200000,79930.00000000,159.86
2021-12-01 07:23:36.186981 +0000 UTC,25345167,buy,0.00200000,79930.00000000,159.86
2021-12-01 07:23:39.737803 +0000 UTC,25345168,buy,0.00200000,79930.00000000,159.86
2021-12-01 07:23:42.702621 +0000 UTC,25345169,buy,0.00200000,79930.00000000,159.86
2021-12-01 07:23:45.60499 +0000 UTC,25345170,buy,0.00200000,79930.00000000,159.86
2021-12-01 07:23:48.574066 +0000 UTC,25345171,buy,0.00200000,79930.00000000,159.86
2021-12-01 07:23:52.631726 +0000 UTC,25345172,buy,0.00200000,79930.00000000,159.86
2021-12-01 07:23:56.158468 +0000 UTC,25345173,buy,0.00200000,79930.00000000,159.86
2021-12-01 07:23:59.207477 +0000 UTC,25345174,buy,0.00200000,79930.00000000,159.86
2021-12-01 07:24:02.3387 +0000 UTC,25345175,buy,0.00200000,79930.00000000,159.86
2021-12-01 07:24:04.75293 +0000 UTC,25345181,buy,0.00209095,79930.00000000,167.13
2021-12-01 07:24:05.219908 +0000 UTC,25345183,buy,0.00200000,79930.00000000,159.86
2021-12-01 07:24:08.788179 +0000 UTC,25345184,buy,0.00200000,79930.00000000,159.86
2021-12-01 07:24:11.803627 +0000 UTC,25345185,buy,0.00200000,79930.00000000,159.86
2021-12-01 07:24:15.032547 +0000 UTC,25345186,buy,0.00200000,79930.00000000,159.86
2021-12-01 07:24:18.117293 +0000 UTC,25345187,buy,0.00200000,79930.00000000,159.86
2021-12-01 07:24:21.129874 +0000 UTC,25345188,buy,0.00200000,79930.00000000,159.86
2021-12-01 07:24:23.947698 +0000 UTC,25345190,buy,0.00200000,79930.00000000,159.86
2021-12-01 07:24:26.970645 +0000 UTC,25345191,buy,0.00200000,79930.00000000,159.86
2021-12-01 07:24:29.669681 +0000 UTC,25345192,buy,0.00500000,79930.00000000,399.65
2021-12-01 07:24:29.929013 +0000 UTC,25345193,buy,0.00200000,79930.00000000,159.86
2021-12-01 07:24:32.976128 +0000 UTC,25345196,buy,0.00200000,79930.00000000,159.86
2021-12-01 07:24:35.809334 +0000 UTC,25345197,buy,0.00200000,79930.00000000,159.86
2021-12-01 07:24:38.700421 +0000 UTC,25345198,buy,0.00200000,79930.00000000,159.86
2021-12-01 07:24:41.056707 +0000 UTC,25345201,sell,0.00023314,79910.00000000,18.63
2021-12-01 07:24:41.058595 +0000 UTC,25345204,sell,0.00076686,79910.00000000,61.28
2021-12-01 07:24:41.619981 +0000 UTC,25345210,buy,0.00200000,79930.00000000,159.86
2021-12-01 07:24:44.649963 +0000 UTC,25345211,buy,0.00200000,79930.00000000,159.86
2021-12-01 07:24:47.943864 +0000 UTC,25345212,buy,0.00300000,79930.00000000,239.79
2021-12-01 07:24:48.145455 +0000 UTC,25345213,buy,0.00200000,79930.00000000,159.86
2021-12-01 07:24:51.690965 +0000 UTC,25345214,buy,0.00200000,79930.00000000,159.86
2021-12-01 07:24:54.522522 +0000 UTC,25345215,buy,0.00200000,79930.00000000,159.86
2021-12-01 07:24:57.82879 +0000 UTC,25345216,buy,0.00200000,79930.00000000,159.86
2021-12-01 07:25:00.93588 +0000 UTC,25345217,buy,0.00200000,79930.00000000,159.86
2021-12-01 07:25:04.029517 +0000 UTC,25345218,buy,0.00200000,79930.00000000,159.86
2021-12-01 07:25:06.856774 +0000 UTC,25345219,buy,0.00200000,79930.00000000,159.86
2021-12-01 07:25:09.66406 +0000 UTC,25345220,buy,0.00200000,79930.00000000,159.86
2021-12-01 07:25:12.543986 +0000 UTC,25345221,buy,0.00200000,79930.00000000,159.86
2021-12-01 07:25:15.400785 +0000 UTC,25345222,buy,0.00200000,79930.00000000,159.86
2021-12-01 07:25:18.687752 +0000 UTC,25345223,buy,0.00200000,79900.00000000,159.80
2021-12-01 07:25:21.772259 +0000 UTC,25345224,buy,0.00200000,79900.00000000,159.80
2021-12-01 07:25:21.772259 +0000 UTC,25345224,buy,0.00200000,79900.00000000,159.80
2021-12-01 07:25:24.612951 +0000 UTC,25345225,buy,0.00200000,79900.00000000,159.80
2021-12-01 07:25:27.612664 +0000 UTC,25345226,buy,0.00200000,79900.00000000,159.80
2021-12-01 07:25:30.488214 +0000 UTC,25345227,buy,0.00200000,79900.00000000,159.80
2021-12-01 07:25:33.573226 +0000 UTC,25345229,buy,0.00200000,79900.00000000,159.80
2021-12-01 07:25:40.076236 +0000 UTC,25345230,buy,0.00200000,79930.00000000,159.86
2021-12-01 07:25:43.355023 +0000 UTC,25345231,buy,0.00200000,79930.00000000,159.86
2021-12-01 07:25:46.982631 +0000 UTC,25345232,buy,0.00200000,79930.00000000,159.86
2021-12-01 07:25:50.287355 +0000 UTC,25345233,buy,0.00200000,79930.00000000,159.86
2021-12-01 07:25:53.165543 +0000 UTC,25345234,buy,0.00200000,79930.00000000,159.86
2021-12-01 07:25:55.967265 +0000 UTC,25345235,buy,0.00200000,79930.00000000,159.86
2021-12-01 07:25:58.861677 +0000 UTC,25345236,buy,0.00200000,79930.00000000,159.86
2021-12-01 07:26:01.641051 +0000 UTC,25345237,buy,0.00200000,79930.00000000,159.86
2021-12-01 07:26:04.579014 +0000 UTC,25345238,buy,0.00200000,79930.00000000,159.86
2021-12-01 07:26:07.376385 +0000 UTC,25345239,buy,0.00200000,79930.00000000,159.86
2021-12-01 07:26:10.178923 +0000 UTC,25345240,buy,0.00200000,79930.00000000,159.86
2021-12-01 07:26:13.033856 +0000 UTC,25345241,buy,0.00200000,79930.00000000,159.86
2021-12-01 07:26:15.896664 +0000 UTC,25345242,buy,0.00200000,79930.00000000,159.86
2021-12-01 07:26:18.752512 +0000 UTC,25345243,buy,0.00200000,79930.00000000,159.86
2021-12-01 07:26:21.615831 +0000 UTC,25345244,buy,0.00200000,79930.00000000,159.86
2021-12-01 07:26:24.478018 +0000 UTC,25345246,buy,0.00200000,79930.00000000,159.86
2021-12-01 07:26:27.463833 +0000 UTC,25345247,buy,0.00200000,79930.00000000,159.86
2021-12-01 07:26:30.236322 +0000 UTC,25345248,buy,0.00200000,79930.00000000,159.86
2021-12-01 07:26:33.199546 +0000 UTC,25345249,buy,0.00200000,79930.00000000,159.86
2021-12-01 07:26:36.818696 +0000 UTC,25345250,buy,0.00200000,79930.00000000,159.86
2021-12-01 07:26:41.030832 +0000 UTC,25345251,buy,0.00200000,79930.00000000,159.86
2021-12-01 07:26:44.904496 +0000 UTC,25345252,buy,0.00200000,79930.00000000,159.86
2021-12-01 07:26:48.303074 +0000 UTC,25345253,buy,0.00200000,79930.00000000,159.86
2021-12-01 07:26:51.612208 +0000 UTC,25345254,buy,0.00200000,79930.00000000,159.86
2021-12-01 07:26:54.731495 +0000 UTC,25345255,buy,0.00200000,79930.00000000,159.86
2021-12-01 07:26:58.027427 +0000 UTC,25345256,buy,0.00200000,79930.00000000,159.86
2021-12-01 07:27:01.251283 +0000 UTC,25345257,buy,0.00200000,79930.00000000,159.86
2021-12-01 07:27:04.390395 +0000 UTC,25345258,buy,0.00200000,79930.00000000,159.86
2021-12-01 07:27:07.835814 +0000 UTC,25345259,buy,0.00200000,79930.00000000,159.86
2021-12-01 07:27:09.531293 +0000 UTC,25345260,sell,0.00100000,79900.00000000,79.90
2021-12-01 07:27:09.791758 +0000 UTC,25345261,buy,0.15000000,79900.00000000,11985.00
2021-12-01 07:27:11.081345 +0000 UTC,25345262,buy,0.00200000,79900.00000000,159.80
2021-12-01 07:27:14.226518 +0000 UTC,25345263,buy,0.00200000,79900.00000000,159.80
2021-12-01 07:27:17.535418 +0000 UTC,25345264,buy,0.00200000,79900.00000000,159.80
2021-12-01 07:27:20.724024 +0000 UTC,25345265,buy,0.00200000,79900.00000000,159.80
2021-12-01 07:27:45.423102 +0000 UTC,25345271,buy,0.00354827,79870.00000000,283.40
2021-12-01 07:27:54.329787 +0000 UTC,25345274,buy,0.00177539,79870.00000000,141.80
2021-12-01 07:28:10.788382 +0000 UTC,25345275,buy,0.00200000,79870.00000000,159.74
2021-12-01 07:28:13.912043 +0000 UTC,25345276,buy,0.00200000,79870.00000000,159.74
2021-12-01 07:28:17.024897 +0000 UTC,25345277,buy,0.00200000,79870.00000000,159.74
2021-12-01 07:28:23.205149 +0000 UTC,25345278,buy,0.00200000,79900.00000000,159.80
2021-12-01 07:28:26.583478 +0000 UTC,25345279,buy,0.00200000,79900.00000000,159.80
2021-12-01 07:28:36.704434 +0000 UTC,25345280,buy,0.00200000,79930.00000000,159.86
2021-12-01 07:28:39.936307 +0000 UTC,25345281,buy,0.00200000,79930.00000000,159.86
2021-12-01 07:28:43.099608 +0000 UTC,25345282,buy,0.00200000,79930.00000000,159.86
2021-12-01 07:28:47.209432 +0000 UTC,25345283,buy,0.00200000,79930.00000000,159.86
2021-12-01 07:28:50.039966 +0000 UTC,25345284,sell,0.00500000,79790.00000000,398.95
2021-12-01 07:28:50.047868 +0000 UTC,25345285,sell,0.00100000,79780.00000000,79.78
2021-12-01 07:28:50.048183 +0000 UTC,25345286,sell,0.22700000,79780.00000000,18110.06
2021-12-01 07:28:50.048439 +0000 UTC,25345287,sell,0.00100000,79780.00000000,79.78
2021-12-01 07:28:50.056674 +0000 UTC,25345288,sell,0.01600000,79760.00000000,1276.16
2021-12-01 07:28:50.499554 +0000 UTC,25345289,buy,0.00200000,79930.00000000,159.86
2021-12-01 07:28:53.671845 +0000 UTC,25345290,buy,0.00200000,79930.00000000,159.86
2021-12-01 07:28:56.858726 +0000 UTC,25345291,buy,0.00200000,79930.00000000,159.86
2021-12-01 07:29:00.1166 +0000 UTC,25345292,buy,0.00200000,79930.00000000,159.86
2021-12-01 07:29:03.291381 +0000 UTC,25345293,buy,0.00200000,79930.00000000,159.86
2021-12-01 07:29:06.726141 +0000 UTC,25345294,buy,0.00200000,79930.00000000,159.86
2021-12-01 07:29:10.081479 +0000 UTC,25345295,buy,0.00200000,79930.00000000,159.86
2021-12-01 07:29:13.466803 +0000 UTC,25345296,buy,0.00200000,79930.00000000,159.86
2021-12-01 07:29:16.847987 +0000 UTC,25345297,buy,0.00200000,79930.00000000,159.86
2021-12-01 07:29:20.483771 +0000 UTC,25345298,buy,0.00200000,79930.00000000,159.86
2021-12-01 07:29:24.584321 +0000 UTC,25345299,buy,0.00200000,79930.00000000,159.86
2021-12-01 07:29:28.649065 +0000 UTC,25345300,buy,0.00200000,79930.00000000,159.86
2021-12-01 07:29:32.307745 +0000 UTC,25345301,buy,0.00200000,79930.00000000,159.86
2021-12-01 07:29:36.943149 +0000 UTC,25345302,buy,0.00200000,79850.00000000,159.70
2021-12-01 07:29:37.071627 +0000 UTC,25345303,buy,0.12900000,79850.00000000,10300.65
2021-12-01 07:29:37.071964 +0000 UTC,25345304,buy,0.00200000,79930.00000000,159.86
2021-12-01 07:29:40.51988 +0000 UTC,25345305,buy,0.00200000,79930.00000000,159.86
2021-12-01 07:29:43.412827 +0000 UTC,25345306,buy,0.00200000,79930.00000000,159.86
2021-12-01 07:29:46.470867 +0000 UTC,25345307,buy,0.00200000,79930.00000000,159.86
2021-12-01 07:29:49.522464 +0000 UTC,25345308,buy,0.00200000,79930.00000000,159.86
2021-12-01 07:29:52.603414 +0000 UTC,25345309,buy,0.00200000,79930.00000000,159.86
2021-12-01 07:29:55.681634 +0000 UTC,25345310,buy,0.00200000,79930.00000000,159.86
2021-12-01 07:29:58.70401 +0000 UTC,25345311,buy,0.00200000,79930.00000000,159.86
2021-12-01 07:30:01.70509 +0000 UTC,25345312,buy,0.00200000,79930.00000000,159.86
2021-12-01 07:30:04.763469 +0000 UTC,25345313,buy,0.00200000,79930.00000000,159.86
2021-12-01 07:30:07.651518 +0000 UTC,25345314,buy,0.00200000,79930.00000000,159.86
2021-12-01 07:30:10.789258 +0000 UTC,25345315,buy,0.00200000,79930.00000000,159.86
2021-12-01 07:30:13.80211 +0000 UTC,25345316,sell,0.01300000,79910.00000000,1038.83
2021-12-01 07:30:14.701839 +0000 UTC,25345317,buy,0.00200000,79890.00000000,159.78
2021-12-01 07:30:19.278559 +0000 UTC,25345318,buy,0.00200000,79890.00000000,159.78
2021-12-01 07:30:23.782189 +0000 UTC,25345319,buy,0.00200000,79870.00000000,159.74
2021-12-01 07:30:27.939469 +0000 UTC,25345320,buy,0.00200000,79870.00000000,159.74
2021-12-01 07:30:31.576337 +0000 UTC,25345321,buy,0.00200000,79870.00000000,159.74
2021-12-01 07:30:34.917171 +0000 UTC,25345322,buy,0.00200000,79870.00000000,159.74
2021-12-01 07:30:38.016423 +0000 UTC,25345323,buy,0.00200000,79870.00000000,159.74
2021-12-01 07:30:44.241287 +0000 UTC,25345324,buy,0.00200000,79900.00000000,159.80
2021-12-01 07:30:47.411545 +0000 UTC,25345325,buy,0.00200000,79900.00000000,159.80
2021-12-01 07:30:50.448741 +0000 UTC,25345326,buy,0.00200000,79900.00000000,159.80
2021-12-01 07:30:53.304013 +0000 UTC,25345328,buy,0.00200000,79900.00000000,159.80
2021-12-01 07:31:58.030097 +0000 UTC,25345355,buy,0.01800000,79960.00000000,1439.28
2021-12-01 07:32:28.559511 +0000 UTC,25345378,sell,0.00100000,79860.00000000,79.86
2021-12-01 07:32:32.161231 +0000 UTC,25345381,sell,0.00046568,79840.00000000,37.18
2021-12-01 07:33:23.522271 +0000 UTC,25345384,buy,0.00100000,79870.00000000,79.87
2021-12-01 07:33:23.522637 +0000 UTC,25345385,buy,0.00300000,79930.00000000,239.79
2021-12-01 07:33:23.522989 +0000 UTC,25345386,buy,0.00600000,80020.00000000,480.12
2021-12-01 07:34:43.758543 +0000 UTC,25345388,buy,0.00100000,79920.00000000,79.92
2021-12-01 07:34:43.760303 +0000 UTC,25345391,buy,0.00900000,80010.00000000,720.09
2021-12-01 07:34:45.943139 +0000 UTC,25345392,buy,0.14800000,80010.00000000,11841.48
2021-12-01 07:35:14.767854 +0000 UTC,25345393,buy,0.04900000,79980.00000000,3919.02
2021-12-01 07:36:04.748487 +0000 UTC,25345395,buy,0.00017477,79990.00000000,13.98
2021-12-01 07:36:37.38202 +0000 UTC,25345411,buy,0.00093630,79990.00000000,74.89
2021-12-01 07:36:37.73531 +0000 UTC,25345426,sell,0.00100000,79940.00000000,79.94
2021-12-01 07:37:08.392921 +0000 UTC,25345429,buy,0.00600000,79930.00000000,479.58
2021-12-01 07:37:14.403937 +0000 UTC,25345430,sell,0.00100000,79870.00000000,79.87
2021-12-01 07:37:14.40429 +0000 UTC,25345431,sell,0.00053432,79840.00000000,42.67
2021-12-01 07:37:14.404625 +0000 UTC,25345432,sell,0.00100000,79800.00000000,79.80
2021-12-01 07:37:14.404951 +0000 UTC,25345433,sell,0.00100000,79800.00000000,79.80
2021-12-01 07:37:14.405237 +0000 UTC,25345434,sell,0.00100000,79780.00000000,79.78
2021-12-01 07:37:14.845945 +0000 UTC,25345435,buy,0.01000000,79770.00000000,797.70
2021-12-01 07:37:16.756836 +0000 UTC,25345439,buy,0.00534411,79770.00000000,426.30
2021-12-01 07:37:16.900066 +0000 UTC,25345442,buy,0.00017814,79770.00000000,14.21
2021-12-01 07:37:17.225069 +0000 UTC,25345443,buy,0.07900000,79770.00000000,6301.83
2021-12-01 07:37:25.684661 +0000 UTC,25345444,buy,0.00094343,79770.00000000,75.25
2021-12-01 07:37:59.025427 +0000 UTC,25345445,buy,0.00800000,79790.00000000,638.32
2021-12-01 07:37:59.025793 +0000 UTC,25345446,buy,0.00200000,79920.00000000,159.84
2021-12-01 07:38:17.535369 +0000 UTC,25345447,sell,0.00100000,79760.00000000,79.76
2021-12-01 07:38:42.746775 +0000 UTC,25345449,buy,0.10000000,79890.00000000,7989.00
2021-12-01 07:39:02.747536 +0000 UTC,25345454,buy,0.01200000,79890.00000000,958.68
2021-12-01 07:39:41.667103 +0000 UTC,25345459,buy,0.02300000,79830.00000000,1836.09
2021-12-01 07:40:26.787164 +0000 UTC,25345473,buy,0.19600000,79830.00000000,15646.68
2021-12-01 07:40:26.79551 +0000 UTC,25345474,buy,0.00400000,79840.00000000,319.36
2021-12-01 07:40:27.759664 +0000 UTC,25345476,buy,0.13000000,79840.00000000,10379.20
2021-12-01 07:40:28.912817 +0000 UTC,25345477,buy,0.14500000,79830.00000000,11575.35
2021-12-01 07:40:28.923687 +0000 UTC,25345478,buy,0.10900000,79840.00000000,8702.56
2021-12-01 07:40:30.268929 +0000 UTC,25345479,buy,0.10100000,79830.00000000,8062.83
2021-12-01 07:40:30.277217 +0000 UTC,25345480,buy,0.01300000,79840.00000000,1037.92
2021-12-01 07:40:30.958458 +0000 UTC,25345481,buy,0.09900000,79840.00000000,7904.16
2021-12-01 07:40:32.292215 +0000 UTC,25345483,buy,0.13000000,79830.00000000,10377.90
2021-12-01 07:40:32.301041 +0000 UTC,25345484,buy,0.10800000,79840.00000000,8622.72
2021-12-01 07:40:33.303089 +0000 UTC,25345485,buy,0.09100000,79830.00000000,7264.53
2021-12-01 07:40:33.311919 +0000 UTC,25345486,buy,0.07500000,79840.00000000,5988.00
2021-12-01 07:40:34.203373 +0000 UTC,25345488,buy,0.06300000,79830.00000000,5029.29
2021-12-01 07:40:34.212525 +0000 UTC,25345489,buy,0.05300000,79840.00000000,4231.52
2021-12-01 07:40:35.206758 +0000 UTC,25345490,buy,0.15400000,79840.00000000,12295.36
2021-12-01 07:40:36.248273 +0000 UTC,25345497,buy,0.04400000,79830.00000000,3512.52
2021-12-01 07:40:36.256324 +0000 UTC,25345498,buy,0.06200000,79840.00000000,4950.08
2021-12-01 07:40:39.273789 +0000 UTC,25345517,buy,0.03100000,79830.00000000,2474.73
2021-12-01 07:40:40.97954 +0000 UTC,25345521,buy,0.02200000,79830.00000000,1756.26
2021-12-01 07:40:40.988893 +0000 UTC,25345522,buy,0.06000000,79840.00000000,4790.40
2021-12-01 07:40:41.995376 +0000 UTC,25345525,buy,0.01500000,79830.00000000,1197.45
2021-12-01 07:40:42.003966 +0000 UTC,25345526,buy,0.09500000,79840.00000000,7584.80
2021-12-01 07:40:43.098236 +0000 UTC,25345530,buy,0.01100000,79830.00000000,878.13
2021-12-01 07:40:43.107555 +0000 UTC,25345531,buy,0.10100000,79840.00000000,8063.84
2021-12-01 07:40:44.102437 +0000 UTC,25345533,buy,0.11300000,79840.00000000,9021.92
2021-12-01 07:40:45.164166 +0000 UTC,25345536,buy,0.00800000,79830.00000000,638.64
2021-12-01 07:40:45.173146 +0000 UTC,25345537,buy,0.03600000,79840.00000000,2874.24
2021-12-01 07:40:45.347857 +0000 UTC,25345541,buy,0.04000000,79840.00000000,3193.60
2021-12-01 07:40:48.479096 +0000 UTC,25345559,buy,0.00500000,79840.00000000,399.20
2021-12-01 07:40:48.485649 +0000 UTC,25345562,buy,0.00417100,79850.00000000,333.05
2021-12-01 07:40:51.461952 +0000 UTC,25345570,buy,0.00400000,79840.00000000,319.36
2021-12-01 07:40:51.467949 +0000 UTC,25345573,buy,0.01668400,79850.00000000,1332.22
2021-12-01 07:41:04.612623 +0000 UTC,25345576,buy,0.00100000,79800.00000000,79.80
2021-12-01 07:41:33.92419 +0000 UTC,25345582,sell,0.00300000,79750.00000000,239.25
2021-12-01 07:41:33.924565 +0000 UTC,25345583,sell,0.00300000,79750.00000000,239.25
2021-12-01 07:41:33.924936 +0000 UTC,25345584,sell,0.00047907,79750.00000000,38.21
2021-12-01 07:41:33.928196 +0000 UTC,25345587,sell,0.00022207,79750.00000000,17.71
2021-12-01 07:41:33.929819 +0000 UTC,25345590,sell,0.00100000,79740.00000000,79.74
2021-12-01 07:41:33.930133 +0000 UTC,25345591,sell,0.00100000,79730.00000000,79.73
2021-12-01 07:41:33.930434 +0000 UTC,25345592,sell,0.00100000,79720.00000000,79.72
2021-12-01 07:43:02.743085 +0000 UTC,25345596,buy,0.01800000,79720.00000000,1434.96
2021-12-01 07:43:08.963815 +0000 UTC,25345597,buy,0.00029886,79720.00000000,23.82
2021-12-01 07:43:47.167224 +0000 UTC,25345656,sell,0.01000000,79740.00000000,797.40
2021-12-01 07:44:03.712229 +0000 UTC,25345670,buy,0.00037430,79860.00000000,29.89
2021-12-01 07:44:07.775508 +0000 UTC,25345673,sell,0.00162570,79940.00000000,129.96
2021-12-01 07:44:40.515609 +0000 UTC,25345677,sell,0.00100000,79830.00000000,79.83
2021-12-01 07:45:10.369563 +0000 UTC,25345680,sell,0.00500000,79830.00000000,399.15
2021-12-01 07:45:39.010714 +0000 UTC,25345693,buy,0.00037630,79800.00000000,30.03
2021-12-01 07:46:36.818316 +0000 UTC,25345695,buy,0.07900000,79800.00000000,6304.20
2021-12-01 07:46:46.022604 +0000 UTC,25345698,buy,0.07900000,79800.00000000,6304.20
2021-12-01 07:47:06.98212 +0000 UTC,25345703,sell,0.00100000,79790.00000000,79.79
2021-12-01 07:47:34.704013 +0000 UTC,25345711,sell,0.00100000,79730.00000000,79.73
2021-12-01 07:51:11.986857 +0000 UTC,25345752,sell,0.00100000,79720.00000000,79.72
2021-12-01 07:51:39.512474 +0000 UTC,25345754,buy,0.00200000,79790.00000000,159.58
2021-12-01 07:51:53.17998 +0000 UTC,25345756,buy,0.00200000,79760.00000000,159.52
2021-12-01 07:51:56.043447 +0000 UTC,25345757,buy,0.00200000,79760.00000000,159.52
2021-12-01 07:51:59.075861 +0000 UTC,25345758,buy,0.00200000,79760.00000000,159.52
2021-12-01 07:52:02.142639 +0000 UTC,25345759,buy,0.00200000,79760.00000000,159.52
2021-12-01 07:52:05.655276 +0000 UTC,25345761,buy,0.00200000,79760.00000000,159.52
2021-12-01 07:52:08.408448 +0000 UTC,25345762,buy,0.00200000,79760.00000000,159.52
2021-12-01 07:52:11.470336 +0000 UTC,25345763,buy,0.00200000,79760.00000000,159.52
2021-12-01 07:52:13.678919 +0000 UTC,25345768,sell,0.00100000,79710.00000000,79.71
2021-12-01 07:52:13.680589 +0000 UTC,25345771,sell,0.00100000,79710.00000000,79.71
2021-12-01 07:52:13.989717 +0000 UTC,25345781,sell,0.04700000,79700.00000000,3745.90
2021-12-01 07:52:13.991095 +0000 UTC,25345784,sell,0.00100000,79700.00000000,79.70
2021-12-01 07:52:14.139891 +0000 UTC,25345793,sell,0.01300000,79680.00000000,1035.84
2021-12-01 07:52:16.330301 +0000 UTC,25345804,buy,0.06200000,79790.00000000,4946.98
2021-12-01 07:52:16.39847 +0000 UTC,25345805,buy,0.06200000,79790.00000000,4946.98
2021-12-01 07:52:16.443878 +0000 UTC,25345806,buy,0.06200000,79790.00000000,4946.98
2021-12-01 07:52:16.480927 +0000 UTC,25345807,buy,0.06200000,79790.00000000,4946.98
2021-12-01 07:52:16.535101 +0000 UTC,25345808,buy,0.04900000,79790.00000000,3909.71
2021-12-01 07:52:23.666334 +0000 UTC,25345809,buy,0.00200000,79800.00000000,159.60
2021-12-01 07:52:26.509082 +0000 UTC,25345810,buy,0.00200000,79800.00000000,159.60
2021-12-01 07:52:29.435685 +0000 UTC,25345811,buy,0.00200000,79800.00000000,159.60
2021-12-01 07:52:32.18626 +0000 UTC,25345812,buy,0.00200000,79800.00000000,159.60
2021-12-01 07:52:35.217666 +0000 UTC,25345813,buy,0.00200000,79800.00000000,159.60
