2022-03-10 04:40:03.819026 -0500 EST m=+0.495035994,3564.00000000,2.940000000
2022-03-10 04:40:03.819026 -0500 EST m=+0.495035994,3566.00000000,12.260000000
2022-03-10 04:40:03.819026 -0500 EST m=+0.495035994,3567.00000000,0.700000000
2022-03-10 04:40:03.819026 -0500 EST m=+0.495035994,3570.00000000,0.052277168
2022-03-10 04:40:03.819026 -0500 EST m=+0.495035994,3572.00000000,6.699243950
2022-03-10 04:40:03.819026 -0500 EST m=+0.495035994,3573.00000000,4.509243950
2022-03-10 04:40:03.819026 -0500 EST m=+0.495035994,3574.00000000,13.980000000
2022-03-10 04:40:03.819026 -0500 EST m=+0.495035994,3577.00000000,5.092160661
2022-03-10 04:40:03.819026 -0500 EST m=+0.495035994,3578.00000000,13.976272484
2022-03-10 04:40:03.819026 -0500 EST m=+0.495035994,3579.00000000,19.004915076
2022-03-10 04:40:03.819026 -0500 EST m=+0.495035994,3581.00000000,12.590000000
2022-03-10 04:40:03.819026 -0500 EST m=+0.495035994,3582.00000000,2.230000000
2022-03-10 04:40:03.819026 -0500 EST m=+0.495035994,3585.00000000,1.437332311
2022-03-10 04:40:03.819026 -0500 EST m=+0.495035994,3593.00000000,19.160000000
2022-03-10 04:40:03.819026 -0500 EST m=+0.495035994,3598.00000000,14.825005749
2022-03-10 04:40:03.819026 -0500 EST m=+0.495035994,3602.00000000,0.380000000
2022-03-10 04:40:03.819026 -0500 EST m=+0.495035994,3718.00000000,0.100000000
2022-03-10 04:40:03.819026 -0500 EST m=+0.495035994,3769.00000000,0.500000000
2022-03-10 04:40:03.819026 -0500 EST m=+0.495035994,3791.00000000,0.500000000
2022-03-10 04:40:03.819026 -0500 EST m=+0.495035994,3931.00000000,0.250000000
2022-03-10 04:40:03.819026 -0500 EST m=+0.495035994,3948.00000000,0.184962406
2022-03-10 04:40:03.819026 -0500 EST m=+0.495035994,3960.00000000,0.100000000
2022-03-10 04:40:03.819026 -0500 EST m=+0.495035994,3989.00000000,0.430000000
2022-03-10 04:40:03.819026 -0500 EST m=+0.495035994,3993.00000000,4.000000000
2022-03-10 04:40:03.819026 -0500 EST m=+0.495035994,4012.00000000,0.100000000
2022-03-10 04:40:03.819026 -0500 EST m=+0.495035994,4057.00000000,0.100000000
2022-03-10 04:40:03.819026 -0500 EST m=+0.495035994,4060.00000000,0.180000000
2022-03-10 04:40:03.819026 -0500 EST m=+0.495035994,4094.00000000,0.450000000
2022-03-10 04:40:03.819026 -0500 EST m=+0.495035994,4097.00000000,5.600000000
2022-03-10 04:40:03.819026 -0500 EST m=+0.495035994,4105.00000000,0.400000000
2022-03-10 04:40:03.819026 -0500 EST m=+0.495035994,4125.00000000,0.100000000
2022-03-10 04:40:03.819026 -0500 EST m=+0.495035994,4133.00000000,2.000000000
2022-03-10 04:40:03.819026 -0500 EST m=+0.495035994,4138.00000000,0.500000000
2022-03-10 04:40:03.819026 -0500 EST m=+0.495035994,4186.00000000,0.140000000
2022-03-10 04:40:03.819026 -0500 EST m=+0.495035994,4300.00000000,0.800000000
2022-03-10 04:40:03.819026 -0500 EST m=+0.495035994,4343.00000000,0.280000000
2022-03-10 04:40:03.819026 -0500 EST m=+0.495035994,4430.00000000,0.390000000
2022-03-10 04:40:03.819026 -0500 EST m=+0.495035994,4474.00000000,0.440000000
2022-03-10 04:40:03.819026 -0500 EST m=+0.495035994,4500.00000000,4.800000000
2022-03-10 04:40:03.819026 -0500 EST m=+0.495035994,4510.00000000,0.100000000
