2022-03-10 04:40:03.819026 -0500 EST m=+0.495035994,3552.00000000,23.010000000
2022-03-10 04:40:03.819026 -0500 EST m=+0.495035994,3549.00000000,2.250000000
2022-03-10 04:40:03.819026 -0500 EST m=+0.495035994,3547.00000000,0.700000000
2022-03-10 04:40:03.819026 -0500 EST m=+0.495035994,3540.00000000,2.250000000
2022-03-10 04:40:03.819026 -0500 EST m=+0.495035994,3539.00000000,0.700000000
2022-03-10 04:40:03.819026 -0500 EST m=+0.495035994,3532.00000000,14.155444402
2022-03-10 04:40:03.819026 -0500 EST m=+0.495035994,3514.00000000,12.670000000
2022-03-10 04:40:03.819026 -0500 EST m=+0.495035994,3496.00000000,1.000000000
2022-03-10 04:40:03.819026 -0500 EST m=+0.495035994,3462.00000000,0.040000000
2022-03-10 04:40:03.819026 -0500 EST m=+0.495035994,3461.00000000,19.710000000
2022-03-10 04:40:03.819026 -0500 EST m=+0.495035994,3455.00000000,1.000000000
2022-03-10 04:40:03.819026 -0500 EST m=+0.495035994,3391.00000000,0.530000000
2022-03-10 04:40:03.819026 -0500 EST m=+0.495035994,3390.00000000,0.050000000
2022-03-10 04:40:03.819026 -0500 EST m=+0.495035994,3300.00000000,3.000000000
2022-03-10 04:40:03.819026 -0500 EST m=+0.495035994,3296.00000000,0.190000000
2022-03-10 04:40:03.819026 -0500 EST m=+0.495035994,3207.00000000,0.100000000
2022-03-10 04:40:03.819026 -0500 EST m=+0.495035994,3043.00000000,0.650000000
2022-03-10 04:40:03.819026 -0500 EST m=+0.495035994,3000.00000000,9.700000000
2022-03-10 04:40:03.819026 -0500 EST m=+0.495035994,2981.00000000,0.030000000
2022-03-10 04:40:03.819026 -0500 EST m=+0.495035994,2939.00000000,0.030000000
2022-03-10 04:40:03.819026 -0500 EST m=+0.495035994,2832.00000000,3.009491256
2022-03-10 04:40:03.819026 -0500 EST m=+0.495035994,2800.00000000,1.280000000
2022-03-10 04:40:03.819026 -0500 EST m=+0.495035994,2766.00000000,0.217063784
2022-03-10 04:40:03.819026 -0500 EST m=+0.495035994,2740.00000000,0.180000000
2022-03-10 04:40:03.819026 -0500 EST m=+0.495035994,2694.00000000,0.010000000
2022-03-10 04:40:03.819026 -0500 EST m=+0.495035994,2673.00000000,0.020000000
2022-03-10 04:40:03.819026 -0500 EST m=+0.495035994,2660.00000000,1.000000000
2022-03-10 04:40:03.819026 -0500 EST m=+0.495035994,2608.00000000,0.297369030
2022-03-10 04:40:03.819026 -0500 EST m=+0.495035994,2568.00000000,0.340000000
2022-03-10 04:40:03.819026 -0500 EST m=+0.495035994,2526.00000000,0.395918668
2022-03-10 04:40:03.819026 -0500 EST m=+0.495035994,2500.00000000,0.400000000
2022-03-10 04:40:03.819026 -0500 EST m=+0.495035994,2476.00000000,1.430000000
2022-03-10 04:40:03.819026 -0500 EST m=+0.495035994,2464.00000000,10.836199107
2022-03-10 04:40:03.819026 -0500 EST m=+0.495035994,2450.00000000,1.000000000
2022-03-10 04:40:03.819026 -0500 EST m=+0.495035994,2448.00000000,1.900770889
2022-03-10 04:40:03.819026 -0500 EST m=+0.495035994,2417.00000000,0.010000000
2022-03-10 04:40:03.819026 -0500 EST m=+0.495035994,2382.00000000,4.190000000
2022-03-10 04:40:03.819026 -0500 EST m=+0.495035994,2348.00000000,0.460000000
2022-03-10 04:40:03.819026 -0500 EST m=+0.495035994,2300.00000000,1.500000000
2022-03-10 04:40:03.819026 -0500 EST m=+0.495035994,2278.00000000,0.220000000
