2022-03-10 04:14:04.097257 -0500 EST m=+0.488122437,53510.00000000,0.09300000
2022-03-10 04:16:30.531717 -0500 EST m=+0.435467260,53550.00000000,0.09300000
2022-03-10 04:40:03.324448 -0500 EST m=+0.000472688,53600.00000000,1.86500000
2022-03-10 04:40:03.324448 -0500 EST m=+0.000472688,53580.00000000,0.09300000
2022-03-10 04:40:03.324448 -0500 EST m=+0.000472688,53510.00000000,0.28000000
2022-03-10 04:40:03.324448 -0500 EST m=+0.000472688,53500.00000000,1.14500000
2022-03-10 04:40:03.324448 -0500 EST m=+0.000472688,53460.00000000,0.04650800
2022-03-10 04:40:03.324448 -0500 EST m=+0.000472688,53400.00000000,1.48383810
2022-03-10 04:40:03.324448 -0500 EST m=+0.000472688,53390.00000000,0.97358540
2022-03-10 04:40:03.324448 -0500 EST m=+0.000472688,53360.00000000,0.14964750
2022-03-10 04:40:03.324448 -0500 EST m=+0.000472688,53350.00000000,0.00596160
2022-03-10 04:40:03.324448 -0500 EST m=+0.000472688,53310.00000000,0.75012480
2022-03-10 04:40:03.324448 -0500 EST m=+0.000472688,53300.00000000,0.75013010
2022-03-10 04:40:03.324448 -0500 EST m=+0.000472688,53290.00000000,0.93804182
2022-03-10 04:40:03.324448 -0500 EST m=+0.000472688,53220.00000000,0.14964750
2022-03-10 04:40:03.324448 -0500 EST m=+0.000472688,53210.00000000,0.04655700
2022-03-10 04:40:03.324448 -0500 EST m=+0.000472688,53130.00000000,0.04500000
2022-03-10 04:40:03.324448 -0500 EST m=+0.000472688,53070.00000000,0.75353740
2022-03-10 04:40:03.324448 -0500 EST m=+0.000472688,53050.00000000,0.47700000
2022-03-10 04:40:03.324448 -0500 EST m=+0.000472688,53020.00000000,0.20790300
2022-03-10 04:40:03.324448 -0500 EST m=+0.000472688,53010.00000000,0.13485600
2022-03-10 04:40:03.324448 -0500 EST m=+0.000472688,53000.00000000,0.01485200
2022-03-10 04:40:03.324448 -0500 EST m=+0.000472688,52970.00000000,1.68100000
2022-03-10 04:40:03.324448 -0500 EST m=+0.000472688,52930.00000000,0.04722581
2022-03-10 04:40:03.324448 -0500 EST m=+0.000472688,52890.00000000,2.53277419
2022-03-10 04:40:03.324448 -0500 EST m=+0.000472688,52880.00000000,0.01488600
2022-03-10 04:40:03.324448 -0500 EST m=+0.000472688,52850.00000000,0.01489400
2022-03-10 04:40:03.324448 -0500 EST m=+0.000472688,52830.00000000,0.01490000
2022-03-10 04:40:03.324448 -0500 EST m=+0.000472688,52810.00000000,0.69750720
2022-03-10 04:40:03.324448 -0500 EST m=+0.000472688,52700.00000000,2.59000000
2022-03-10 04:40:03.324448 -0500 EST m=+0.000472688,52080.00000000,0.00570240
2022-03-10 04:40:03.324448 -0500 EST m=+0.000472688,52050.00000000,0.00266040
2022-03-10 04:40:03.324448 -0500 EST m=+0.000472688,52000.00000000,0.20000000
2022-03-10 04:40:03.324448 -0500 EST m=+0.000472688,51970.00000000,0.01600000
2022-03-10 04:40:03.324448 -0500 EST m=+0.000472688,51890.00000000,0.06800000
2022-03-10 04:40:03.324448 -0500 EST m=+0.000472688,51710.00000000,0.00100000
2022-03-10 04:40:03.324448 -0500 EST m=+0.000472688,51230.00000000,0.14531400
2022-03-10 04:40:03.324448 -0500 EST m=+0.000472688,50960.00000000,0.00332550
2022-03-10 04:40:03.324448 -0500 EST m=+0.000472688,50710.00000000,0.00200000
2022-03-10 04:40:03.324448 -0500 EST m=+0.000472688,50500.00000000,0.20000000
2022-03-10 04:40:03.324448 -0500 EST m=+0.000472688,50450.00000000,0.00100000
2022-03-10 04:40:03.324448 -0500 EST m=+0.000472688,50000.00000000,0.86500000
